%YAML 1.1
%TAG !u! tag:unity3d.com,2011:
--- !u!114 &11400000
MonoBehaviour:
  m_ObjectHideFlags: 0
  m_CorrespondingSourceObject: {fileID: 0}
  m_PrefabInstance: {fileID: 0}
  m_PrefabAsset: {fileID: 0}
  m_GameObject: {fileID: 0}
  m_Enabled: 1
  m_EditorHideFlags: 0
  m_Script: {fileID: 11500000, guid: 425fa6be776d55647a40b145ebcdf567, type: 3}
  m_Name: Lionel
  m_EditorClassIdentifier: 
  nodes:
  - {fileID: 114953285682135504}
  - {fileID: 114991201779271940}
  - {fileID: 114871929783631270}
  - {fileID: 114577568017982168}
  - {fileID: 114709848352998120}
  - {fileID: 114955900259575684}
  - {fileID: 114461879509924854}
  - {fileID: 114026562925243406}
  - {fileID: 114363177022923966}
  - {fileID: 114464057885930666}
  - {fileID: 114145598281005002}
  - {fileID: 114365771952252822}
  - {fileID: 114375332206303274}
  - {fileID: 114648688565079708}
  - {fileID: 114205715269930068}
  - {fileID: 114153366963284070}
  - {fileID: 114321127803119026}
  - {fileID: 114846354791533094}
  Agent:
    Speaker: 1
    Data: {fileID: 0}
  Conversator:
    Speaker: 2
    Data: {fileID: 11400000, guid: 428ac69c2d236664f86d9aae9836e8f6, type: 2}
--- !u!114 &114026562925243406
MonoBehaviour:
  m_ObjectHideFlags: 0
  m_CorrespondingSourceObject: {fileID: 0}
  m_PrefabInstance: {fileID: 0}
  m_PrefabAsset: {fileID: 0}
  m_GameObject: {fileID: 0}
  m_Enabled: 1
  m_EditorHideFlags: 0
  m_Script: {fileID: 11500000, guid: 14634b91cb00a71418ba169f79387895, type: 3}
  m_Name: Close Dialogue
  m_EditorClassIdentifier: 
  graph: {fileID: 11400000}
  position: {x: 2030.421, y: -141.68}
  ports:
    keys:
    - input
    - output
    values:
    - _fieldName: input
      _node: {fileID: 114026562925243406}
      _typeQualifiedName: DialogueBaseNode, Assembly-CSharp, Version=0.0.0.0, Culture=neutral,
        PublicKeyToken=null
      connections:
      - fieldName: fail
        node: {fileID: 114955900259575684}
        reroutePoints: []
      _direction: 0
      _connectionType: 0
      _typeConstraint: 1
      _dynamic: 0
    - _fieldName: output
      _node: {fileID: 114026562925243406}
      _typeQualifiedName: DialogueBaseNode, Assembly-CSharp, Version=0.0.0.0, Culture=neutral,
        PublicKeyToken=null
      connections: []
      _direction: 1
      _connectionType: 0
      _typeConstraint: 0
      _dynamic: 0
  input: {fileID: 0}
  output: {fileID: 0}
--- !u!114 &114145598281005002
MonoBehaviour:
  m_ObjectHideFlags: 0
  m_CorrespondingSourceObject: {fileID: 0}
  m_PrefabInstance: {fileID: 0}
  m_PrefabAsset: {fileID: 0}
  m_GameObject: {fileID: 0}
  m_Enabled: 1
  m_EditorHideFlags: 0
  m_Script: {fileID: 11500000, guid: 4d7d47f9c7b6d744b80808cb7c47fcb0, type: 3}
  m_Name: Chat
  m_EditorClassIdentifier: 
  graph: {fileID: 11400000}
  position: {x: 1224, y: -88}
  ports:
    keys:
    - Answers
    - input
    - output
    values:
    - _fieldName: Answers
      _node: {fileID: 114145598281005002}
      _typeQualifiedName: System.Collections.Generic.List`1[[System.String, mscorlib,
        Version=4.0.0.0, Culture=neutral, PublicKeyToken=b77a5c561934e089]], mscorlib,
        Version=4.0.0.0, Culture=neutral, PublicKeyToken=b77a5c561934e089
      connections: []
      _direction: 1
      _connectionType: 0
      _typeConstraint: 0
      _dynamic: 0
    - _fieldName: input
      _node: {fileID: 114145598281005002}
      _typeQualifiedName: DialogueBaseNode, Assembly-CSharp, Version=0.0.0.0, Culture=neutral,
        PublicKeyToken=null
      connections:
      - fieldName: pass
        node: {fileID: 114464057885930666}
        reroutePoints: []
      _direction: 0
      _connectionType: 0
      _typeConstraint: 1
      _dynamic: 0
    - _fieldName: output
      _node: {fileID: 114145598281005002}
      _typeQualifiedName: DialogueBaseNode, Assembly-CSharp, Version=0.0.0.0, Culture=neutral,
        PublicKeyToken=null
      connections:
      - fieldName: input
        node: {fileID: 114648688565079708}
        reroutePoints: []
      _direction: 1
      _connectionType: 0
      _typeConstraint: 0
      _dynamic: 0
  input: {fileID: 0}
  output: {fileID: 0}
  Speaker: 1
  Instant: 0
  Text: CITY_LIONEL_04
  Answers: []
--- !u!114 &114153366963284070
MonoBehaviour:
  m_ObjectHideFlags: 0
  m_CorrespondingSourceObject: {fileID: 0}
  m_PrefabInstance: {fileID: 0}
  m_PrefabAsset: {fileID: 0}
  m_GameObject: {fileID: 0}
  m_Enabled: 1
  m_EditorHideFlags: 0
  m_Script: {fileID: 11500000, guid: 89d8c344c53970040b1cd8360eae96ad, type: 3}
  m_Name: Open Quest
  m_EditorClassIdentifier: 
  graph: {fileID: 11400000}
  position: {x: 1128, y: 280}
  ports:
    keys:
    - input
    - output
    values:
    - _fieldName: input
      _node: {fileID: 114153366963284070}
      _typeQualifiedName: DialogueBaseNode, Assembly-CSharp, Version=0.0.0.0, Culture=neutral,
        PublicKeyToken=null
      connections:
      - fieldName: pass
        node: {fileID: 114205715269930068}
        reroutePoints: []
      _direction: 0
      _connectionType: 0
      _typeConstraint: 1
      _dynamic: 0
    - _fieldName: output
      _node: {fileID: 114153366963284070}
      _typeQualifiedName: DialogueBaseNode, Assembly-CSharp, Version=0.0.0.0, Culture=neutral,
        PublicKeyToken=null
      connections: []
      _direction: 1
      _connectionType: 0
      _typeConstraint: 0
      _dynamic: 0
  input: {fileID: 0}
  output: {fileID: 0}
--- !u!114 &114205715269930068
MonoBehaviour:
  m_ObjectHideFlags: 0
  m_CorrespondingSourceObject: {fileID: 0}
  m_PrefabInstance: {fileID: 0}
  m_PrefabAsset: {fileID: 0}
  m_GameObject: {fileID: 0}
  m_Enabled: 1
  m_EditorHideFlags: 0
  m_Script: {fileID: 11500000, guid: e692c090318ed9041a351529ec196d7f, type: 3}
  m_Name: Quest Available
  m_EditorClassIdentifier: 
  graph: {fileID: 11400000}
  position: {x: 840, y: 296}
  ports:
    keys:
    - pass
    - fail
    - input
    - output
    values:
    - _fieldName: pass
      _node: {fileID: 114205715269930068}
      _typeQualifiedName: DialogueBaseNode, Assembly-CSharp, Version=0.0.0.0, Culture=neutral,
        PublicKeyToken=null
      connections:
      - fieldName: input
        node: {fileID: 114153366963284070}
        reroutePoints: []
      _direction: 1
      _connectionType: 0
      _typeConstraint: 0
      _dynamic: 0
    - _fieldName: fail
      _node: {fileID: 114205715269930068}
      _typeQualifiedName: DialogueBaseNode, Assembly-CSharp, Version=0.0.0.0, Culture=neutral,
        PublicKeyToken=null
      connections:
      - fieldName: input
        node: {fileID: 114321127803119026}
        reroutePoints: []
      _direction: 1
      _connectionType: 0
      _typeConstraint: 0
      _dynamic: 0
    - _fieldName: input
      _node: {fileID: 114205715269930068}
      _typeQualifiedName: DialogueBaseNode, Assembly-CSharp, Version=0.0.0.0, Culture=neutral,
        PublicKeyToken=null
      connections:
      - fieldName: fail
        node: {fileID: 114363177022923966}
        reroutePoints: []
      _direction: 0
      _connectionType: 0
      _typeConstraint: 1
      _dynamic: 0
    - _fieldName: output
      _node: {fileID: 114205715269930068}
      _typeQualifiedName: DialogueBaseNode, Assembly-CSharp, Version=0.0.0.0, Culture=neutral,
        PublicKeyToken=null
      connections: []
      _direction: 1
      _connectionType: 0
      _typeConstraint: 0
      _dynamic: 0
  input: {fileID: 0}
  output: {fileID: 0}
  pass: {fileID: 0}
  fail: {fileID: 0}
  Success: 0
--- !u!114 &114321127803119026
MonoBehaviour:
  m_ObjectHideFlags: 0
  m_CorrespondingSourceObject: {fileID: 0}
  m_PrefabInstance: {fileID: 0}
  m_PrefabAsset: {fileID: 0}
  m_GameObject: {fileID: 0}
  m_Enabled: 1
  m_EditorHideFlags: 0
  m_Script: {fileID: 11500000, guid: 4d7d47f9c7b6d744b80808cb7c47fcb0, type: 3}
  m_Name: Chat
  m_EditorClassIdentifier: 
  graph: {fileID: 11400000}
  position: {x: 1118.9329, y: 410.45895}
  ports:
    keys:
    - Answers
    - input
    - output
    values:
    - _fieldName: Answers
      _node: {fileID: 114321127803119026}
      _typeQualifiedName: System.Collections.Generic.List`1[[System.String, mscorlib,
        Version=4.0.0.0, Culture=neutral, PublicKeyToken=b77a5c561934e089]], mscorlib,
        Version=4.0.0.0, Culture=neutral, PublicKeyToken=b77a5c561934e089
      connections: []
      _direction: 1
      _connectionType: 0
      _typeConstraint: 0
      _dynamic: 0
    - _fieldName: input
      _node: {fileID: 114321127803119026}
      _typeQualifiedName: DialogueBaseNode, Assembly-CSharp, Version=0.0.0.0, Culture=neutral,
        PublicKeyToken=null
      connections:
      - fieldName: fail
        node: {fileID: 114205715269930068}
        reroutePoints: []
      _direction: 0
      _connectionType: 0
      _typeConstraint: 1
      _dynamic: 0
    - _fieldName: output
      _node: {fileID: 114321127803119026}
      _typeQualifiedName: DialogueBaseNode, Assembly-CSharp, Version=0.0.0.0, Culture=neutral,
        PublicKeyToken=null
      connections:
      - fieldName: input
        node: {fileID: 114846354791533094}
        reroutePoints: []
      _direction: 1
      _connectionType: 0
      _typeConstraint: 0
      _dynamic: 0
  input: {fileID: 0}
  output: {fileID: 0}
  Speaker: 1
  Instant: 0
  Text: CITY_LIONEL_04
  Answers: []
--- !u!114 &114363177022923966
MonoBehaviour:
  m_ObjectHideFlags: 0
  m_CorrespondingSourceObject: {fileID: 0}
  m_PrefabInstance: {fileID: 0}
  m_PrefabAsset: {fileID: 0}
  m_GameObject: {fileID: 0}
  m_Enabled: 1
  m_EditorHideFlags: 0
  m_Script: {fileID: 11500000, guid: 913780f0af96b7f49af6679b35db701b, type: 3}
  m_Name: Quest Accepted
  m_EditorClassIdentifier: 
  graph: {fileID: 11400000}
  position: {x: 568, y: 72}
  ports:
    keys:
    - pass
    - fail
    - input
    - output
    values:
    - _fieldName: pass
      _node: {fileID: 114363177022923966}
      _typeQualifiedName: DialogueBaseNode, Assembly-CSharp, Version=0.0.0.0, Culture=neutral,
        PublicKeyToken=null
      connections:
      - fieldName: input
        node: {fileID: 114464057885930666}
        reroutePoints: []
      _direction: 1
      _connectionType: 0
      _typeConstraint: 0
      _dynamic: 0
    - _fieldName: fail
      _node: {fileID: 114363177022923966}
      _typeQualifiedName: DialogueBaseNode, Assembly-CSharp, Version=0.0.0.0, Culture=neutral,
        PublicKeyToken=null
      connections:
      - fieldName: input
        node: {fileID: 114205715269930068}
        reroutePoints: []
      _direction: 1
      _connectionType: 0
      _typeConstraint: 0
      _dynamic: 0
    - _fieldName: input
      _node: {fileID: 114363177022923966}
      _typeQualifiedName: DialogueBaseNode, Assembly-CSharp, Version=0.0.0.0, Culture=neutral,
        PublicKeyToken=null
      connections:
      - fieldName: Dialogue 1
        node: {fileID: 114577568017982168}
        reroutePoints: []
      _direction: 0
      _connectionType: 0
      _typeConstraint: 1
      _dynamic: 0
    - _fieldName: output
      _node: {fileID: 114363177022923966}
      _typeQualifiedName: DialogueBaseNode, Assembly-CSharp, Version=0.0.0.0, Culture=neutral,
        PublicKeyToken=null
      connections: []
      _direction: 1
      _connectionType: 0
      _typeConstraint: 0
      _dynamic: 0
  input: {fileID: 0}
  output: {fileID: 0}
  pass: {fileID: 0}
  fail: {fileID: 0}
  Success: 0
--- !u!114 &114365771952252822
MonoBehaviour:
  m_ObjectHideFlags: 0
  m_CorrespondingSourceObject: {fileID: 0}
  m_PrefabInstance: {fileID: 0}
  m_PrefabAsset: {fileID: 0}
  m_GameObject: {fileID: 0}
  m_Enabled: 1
  m_EditorHideFlags: 0
  m_Script: {fileID: 11500000, guid: 4d7d47f9c7b6d744b80808cb7c47fcb0, type: 3}
  m_Name: Chat
  m_EditorClassIdentifier: 
  graph: {fileID: 11400000}
  position: {x: 1224, y: 104}
  ports:
    keys:
    - Answers
    - input
    - output
    values:
    - _fieldName: Answers
      _node: {fileID: 114365771952252822}
      _typeQualifiedName: System.Collections.Generic.List`1[[System.String, mscorlib,
        Version=4.0.0.0, Culture=neutral, PublicKeyToken=b77a5c561934e089]], mscorlib,
        Version=4.0.0.0, Culture=neutral, PublicKeyToken=b77a5c561934e089
      connections: []
      _direction: 1
      _connectionType: 0
      _typeConstraint: 0
      _dynamic: 0
    - _fieldName: input
      _node: {fileID: 114365771952252822}
      _typeQualifiedName: DialogueBaseNode, Assembly-CSharp, Version=0.0.0.0, Culture=neutral,
        PublicKeyToken=null
      connections:
      - fieldName: fail
        node: {fileID: 114464057885930666}
        reroutePoints: []
      _direction: 0
      _connectionType: 0
      _typeConstraint: 1
      _dynamic: 0
    - _fieldName: output
      _node: {fileID: 114365771952252822}
      _typeQualifiedName: DialogueBaseNode, Assembly-CSharp, Version=0.0.0.0, Culture=neutral,
        PublicKeyToken=null
      connections:
      - fieldName: input
        node: {fileID: 114375332206303274}
        reroutePoints: []
      _direction: 1
      _connectionType: 0
      _typeConstraint: 0
      _dynamic: 0
  input: {fileID: 0}
  output: {fileID: 0}
  Speaker: 1
  Instant: 0
  Text: CITY_LIONEL_05
  Answers: []
--- !u!114 &114375332206303274
MonoBehaviour:
  m_ObjectHideFlags: 0
  m_CorrespondingSourceObject: {fileID: 0}
  m_PrefabInstance: {fileID: 0}
  m_PrefabAsset: {fileID: 0}
  m_GameObject: {fileID: 0}
  m_Enabled: 1
  m_EditorHideFlags: 0
  m_Script: {fileID: 11500000, guid: 14634b91cb00a71418ba169f79387895, type: 3}
  m_Name: Close Dialogue
  m_EditorClassIdentifier: 
  graph: {fileID: 11400000}
  position: {x: 1643.6375, y: 111.87037}
  ports:
    keys:
    - input
    - output
    values:
    - _fieldName: input
      _node: {fileID: 114375332206303274}
      _typeQualifiedName: DialogueBaseNode, Assembly-CSharp, Version=0.0.0.0, Culture=neutral,
        PublicKeyToken=null
      connections:
      - fieldName: output
        node: {fileID: 114365771952252822}
        reroutePoints: []
      _direction: 0
      _connectionType: 0
      _typeConstraint: 1
      _dynamic: 0
    - _fieldName: output
      _node: {fileID: 114375332206303274}
      _typeQualifiedName: DialogueBaseNode, Assembly-CSharp, Version=0.0.0.0, Culture=neutral,
        PublicKeyToken=null
      connections: []
      _direction: 1
      _connectionType: 0
      _typeConstraint: 0
      _dynamic: 0
  input: {fileID: 0}
  output: {fileID: 0}
--- !u!114 &114461879509924854
MonoBehaviour:
  m_ObjectHideFlags: 0
  m_CorrespondingSourceObject: {fileID: 0}
  m_PrefabInstance: {fileID: 0}
  m_PrefabAsset: {fileID: 0}
  m_GameObject: {fileID: 0}
  m_Enabled: 1
  m_EditorHideFlags: 0
  m_Script: {fileID: 11500000, guid: 89d8c344c53970040b1cd8360eae96ad, type: 3}
  m_Name: Open Quest
  m_EditorClassIdentifier: 
  graph: {fileID: 11400000}
  position: {x: 2040, y: -312}
  ports:
    keys:
    - input
    - output
    values:
    - _fieldName: input
      _node: {fileID: 114461879509924854}
      _typeQualifiedName: DialogueBaseNode, Assembly-CSharp, Version=0.0.0.0, Culture=neutral,
        PublicKeyToken=null
      connections:
      - fieldName: pass
        node: {fileID: 114955900259575684}
        reroutePoints: []
      _direction: 0
      _connectionType: 0
      _typeConstraint: 1
      _dynamic: 0
    - _fieldName: output
      _node: {fileID: 114461879509924854}
      _typeQualifiedName: DialogueBaseNode, Assembly-CSharp, Version=0.0.0.0, Culture=neutral,
        PublicKeyToken=null
      connections: []
      _direction: 1
      _connectionType: 0
      _typeConstraint: 0
      _dynamic: 0
  input: {fileID: 0}
  output: {fileID: 0}
--- !u!114 &114464057885930666
MonoBehaviour:
  m_ObjectHideFlags: 0
  m_CorrespondingSourceObject: {fileID: 0}
  m_PrefabInstance: {fileID: 0}
  m_PrefabAsset: {fileID: 0}
  m_GameObject: {fileID: 0}
  m_Enabled: 1
  m_EditorHideFlags: 0
  m_Script: {fileID: 11500000, guid: 583ad8745348cfe448dc92c575910d13, type: 3}
  m_Name: Quest Completed
  m_EditorClassIdentifier: 
  graph: {fileID: 11400000}
  position: {x: 888, y: -40}
  ports:
    keys:
    - pass
    - fail
    - input
    - output
    values:
    - _fieldName: pass
      _node: {fileID: 114464057885930666}
      _typeQualifiedName: DialogueBaseNode, Assembly-CSharp, Version=0.0.0.0, Culture=neutral,
        PublicKeyToken=null
      connections:
      - fieldName: input
        node: {fileID: 114145598281005002}
        reroutePoints: []
      _direction: 1
      _connectionType: 0
      _typeConstraint: 0
      _dynamic: 0
    - _fieldName: fail
      _node: {fileID: 114464057885930666}
      _typeQualifiedName: DialogueBaseNode, Assembly-CSharp, Version=0.0.0.0, Culture=neutral,
        PublicKeyToken=null
      connections:
      - fieldName: input
        node: {fileID: 114365771952252822}
        reroutePoints: []
      _direction: 1
      _connectionType: 0
      _typeConstraint: 0
      _dynamic: 0
    - _fieldName: input
      _node: {fileID: 114464057885930666}
      _typeQualifiedName: DialogueBaseNode, Assembly-CSharp, Version=0.0.0.0, Culture=neutral,
        PublicKeyToken=null
      connections:
      - fieldName: pass
        node: {fileID: 114363177022923966}
        reroutePoints: []
      _direction: 0
      _connectionType: 0
      _typeConstraint: 1
      _dynamic: 0
    - _fieldName: output
      _node: {fileID: 114464057885930666}
      _typeQualifiedName: DialogueBaseNode, Assembly-CSharp, Version=0.0.0.0, Culture=neutral,
        PublicKeyToken=null
      connections: []
      _direction: 1
      _connectionType: 0
      _typeConstraint: 0
      _dynamic: 0
  input: {fileID: 0}
  output: {fileID: 0}
  pass: {fileID: 0}
  fail: {fileID: 0}
  Success: 0
--- !u!114 &114577568017982168
MonoBehaviour:
  m_ObjectHideFlags: 0
  m_CorrespondingSourceObject: {fileID: 0}
  m_PrefabInstance: {fileID: 0}
  m_PrefabAsset: {fileID: 0}
  m_GameObject: {fileID: 0}
  m_Enabled: 1
  m_EditorHideFlags: 0
  m_Script: {fileID: 11500000, guid: a4e95272d18a5ee40bc3737743d4ad22, type: 3}
  m_Name: Dialogue Decision
  m_EditorClassIdentifier: 
  graph: {fileID: 11400000}
  position: {x: 232, y: -152}
  ports:
    keys:
    - DefaultDialogue
    - input
    - output
    - Dialogue 0
    - Dialogue 1
    values:
    - _fieldName: DefaultDialogue
      _node: {fileID: 114577568017982168}
      _typeQualifiedName: DialogueBaseNode, Assembly-CSharp, Version=0.0.0.0, Culture=neutral,
        PublicKeyToken=null
      connections: []
      _direction: 1
      _connectionType: 0
      _typeConstraint: 0
      _dynamic: 0
    - _fieldName: input
      _node: {fileID: 114577568017982168}
      _typeQualifiedName: DialogueBaseNode, Assembly-CSharp, Version=0.0.0.0, Culture=neutral,
        PublicKeyToken=null
      connections:
      - fieldName: output
        node: {fileID: 114953285682135504}
        reroutePoints: []
      _direction: 0
      _connectionType: 0
      _typeConstraint: 1
      _dynamic: 0
    - _fieldName: output
      _node: {fileID: 114577568017982168}
      _typeQualifiedName: DialogueBaseNode, Assembly-CSharp, Version=0.0.0.0, Culture=neutral,
        PublicKeyToken=null
      connections: []
      _direction: 1
      _connectionType: 0
      _typeConstraint: 0
      _dynamic: 0
    - _fieldName: Dialogue 0
      _node: {fileID: 114577568017982168}
      _typeQualifiedName: DialogueBaseNode, Assembly-CSharp, Version=0.0.0.0, Culture=neutral,
        PublicKeyToken=null
      connections:
      - fieldName: input
        node: {fileID: 114991201779271940}
        reroutePoints: []
      _direction: 1
      _connectionType: 1
      _typeConstraint: 0
      _dynamic: 1
    - _fieldName: Dialogue 1
      _node: {fileID: 114577568017982168}
      _typeQualifiedName: DialogueBaseNode, Assembly-CSharp, Version=0.0.0.0, Culture=neutral,
        PublicKeyToken=null
      connections:
      - fieldName: input
        node: {fileID: 114363177022923966}
        reroutePoints: []
      _direction: 1
      _connectionType: 1
      _typeConstraint: 0
      _dynamic: 1
  input: {fileID: 0}
  output: {fileID: 0}
  FirstResponse: 1
  number: 0100000001000000
  Types: 0000000001000000
  DefaultDialogue: {fileID: 0}
--- !u!114 &114648688565079708
MonoBehaviour:
  m_ObjectHideFlags: 0
  m_CorrespondingSourceObject: {fileID: 0}
  m_PrefabInstance: {fileID: 0}
  m_PrefabAsset: {fileID: 0}
  m_GameObject: {fileID: 0}
  m_Enabled: 1
  m_EditorHideFlags: 0
  m_Script: {fileID: 11500000, guid: 14634b91cb00a71418ba169f79387895, type: 3}
  m_Name: Close Dialogue
  m_EditorClassIdentifier: 
  graph: {fileID: 11400000}
  position: {x: 1645.0869, y: -37.423912}
  ports:
    keys:
    - input
    - output
    values:
    - _fieldName: input
      _node: {fileID: 114648688565079708}
      _typeQualifiedName: DialogueBaseNode, Assembly-CSharp, Version=0.0.0.0, Culture=neutral,
        PublicKeyToken=null
      connections:
      - fieldName: output
        node: {fileID: 114145598281005002}
        reroutePoints: []
      _direction: 0
      _connectionType: 0
      _typeConstraint: 1
      _dynamic: 0
    - _fieldName: output
      _node: {fileID: 114648688565079708}
      _typeQualifiedName: DialogueBaseNode, Assembly-CSharp, Version=0.0.0.0, Culture=neutral,
        PublicKeyToken=null
      connections: []
      _direction: 1
      _connectionType: 0
      _typeConstraint: 0
      _dynamic: 0
  input: {fileID: 0}
  output: {fileID: 0}
--- !u!114 &114709848352998120
MonoBehaviour:
  m_ObjectHideFlags: 0
  m_CorrespondingSourceObject: {fileID: 0}
  m_PrefabInstance: {fileID: 0}
  m_PrefabAsset: {fileID: 0}
  m_GameObject: {fileID: 0}
  m_Enabled: 1
  m_EditorHideFlags: 0
  m_Script: {fileID: 11500000, guid: 4d7d47f9c7b6d744b80808cb7c47fcb0, type: 3}
  m_Name: Chat
  m_EditorClassIdentifier: 
  graph: {fileID: 11400000}
  position: {x: 1352, y: -280}
  ports:
    keys:
    - Answers
    - input
    - output
    values:
    - _fieldName: Answers
      _node: {fileID: 114709848352998120}
      _typeQualifiedName: System.Collections.Generic.List`1[[System.String, mscorlib,
        Version=4.0.0.0, Culture=neutral, PublicKeyToken=b77a5c561934e089]], mscorlib,
        Version=4.0.0.0, Culture=neutral, PublicKeyToken=b77a5c561934e089
      connections: []
      _direction: 1
      _connectionType: 0
      _typeConstraint: 0
      _dynamic: 0
    - _fieldName: input
      _node: {fileID: 114709848352998120}
      _typeQualifiedName: DialogueBaseNode, Assembly-CSharp, Version=0.0.0.0, Culture=neutral,
        PublicKeyToken=null
      connections:
      - fieldName: output
        node: {fileID: 114871929783631270}
        reroutePoints: []
      _direction: 0
      _connectionType: 0
      _typeConstraint: 1
      _dynamic: 0
    - _fieldName: output
      _node: {fileID: 114709848352998120}
      _typeQualifiedName: DialogueBaseNode, Assembly-CSharp, Version=0.0.0.0, Culture=neutral,
        PublicKeyToken=null
      connections:
      - fieldName: input
        node: {fileID: 114955900259575684}
        reroutePoints: []
      _direction: 1
      _connectionType: 0
      _typeConstraint: 0
      _dynamic: 0
  input: {fileID: 0}
  output: {fileID: 0}
  Speaker: 1
  Instant: 0
  Text: CITY_LIONEL_03
  Answers: []
--- !u!114 &114846354791533094
MonoBehaviour:
  m_ObjectHideFlags: 0
  m_CorrespondingSourceObject: {fileID: 0}
  m_PrefabInstance: {fileID: 0}
  m_PrefabAsset: {fileID: 0}
  m_GameObject: {fileID: 0}
  m_Enabled: 1
  m_EditorHideFlags: 0
  m_Script: {fileID: 11500000, guid: 14634b91cb00a71418ba169f79387895, type: 3}
  m_Name: Close Dialogue
  m_EditorClassIdentifier: 
  graph: {fileID: 11400000}
  position: {x: 1458.1063, y: 442.34705}
  ports:
    keys:
    - input
    - output
    values:
    - _fieldName: input
      _node: {fileID: 114846354791533094}
      _typeQualifiedName: DialogueBaseNode, Assembly-CSharp, Version=0.0.0.0, Culture=neutral,
        PublicKeyToken=null
      connections:
      - fieldName: output
        node: {fileID: 114321127803119026}
        reroutePoints: []
      _direction: 0
      _connectionType: 0
      _typeConstraint: 1
      _dynamic: 0
    - _fieldName: output
      _node: {fileID: 114846354791533094}
      _typeQualifiedName: DialogueBaseNode, Assembly-CSharp, Version=0.0.0.0, Culture=neutral,
        PublicKeyToken=null
      connections: []
      _direction: 1
      _connectionType: 0
      _typeConstraint: 0
      _dynamic: 0
  input: {fileID: 0}
  output: {fileID: 0}
--- !u!114 &114871929783631270
MonoBehaviour:
  m_ObjectHideFlags: 0
  m_CorrespondingSourceObject: {fileID: 0}
  m_PrefabInstance: {fileID: 0}
  m_PrefabAsset: {fileID: 0}
  m_GameObject: {fileID: 0}
  m_Enabled: 1
  m_EditorHideFlags: 0
  m_Script: {fileID: 11500000, guid: 4d7d47f9c7b6d744b80808cb7c47fcb0, type: 3}
  m_Name: Chat
  m_EditorClassIdentifier: 
  graph: {fileID: 11400000}
  position: {x: 984, y: -280}
  ports:
    keys:
    - Answers
    - input
    - output
    values:
    - _fieldName: Answers
      _node: {fileID: 114871929783631270}
      _typeQualifiedName: System.Collections.Generic.List`1[[System.String, mscorlib,
        Version=4.0.0.0, Culture=neutral, PublicKeyToken=b77a5c561934e089]], mscorlib,
        Version=4.0.0.0, Culture=neutral, PublicKeyToken=b77a5c561934e089
      connections: []
      _direction: 1
      _connectionType: 0
      _typeConstraint: 0
      _dynamic: 0
    - _fieldName: input
      _node: {fileID: 114871929783631270}
      _typeQualifiedName: DialogueBaseNode, Assembly-CSharp, Version=0.0.0.0, Culture=neutral,
        PublicKeyToken=null
      connections:
      - fieldName: output
        node: {fileID: 114991201779271940}
        reroutePoints: []
      _direction: 0
      _connectionType: 0
      _typeConstraint: 1
      _dynamic: 0
    - _fieldName: output
      _node: {fileID: 114871929783631270}
      _typeQualifiedName: DialogueBaseNode, Assembly-CSharp, Version=0.0.0.0, Culture=neutral,
        PublicKeyToken=null
      connections:
      - fieldName: input
        node: {fileID: 114709848352998120}
        reroutePoints: []
      _direction: 1
      _connectionType: 0
      _typeConstraint: 0
      _dynamic: 0
  input: {fileID: 0}
  output: {fileID: 0}
  Speaker: 0
  Instant: 0
  Text: CITY_LIONEL_02
  Answers: []
--- !u!114 &114953285682135504
MonoBehaviour:
  m_ObjectHideFlags: 0
  m_CorrespondingSourceObject: {fileID: 0}
  m_PrefabInstance: {fileID: 0}
  m_PrefabAsset: {fileID: 0}
  m_GameObject: {fileID: 0}
  m_Enabled: 1
  m_EditorHideFlags: 0
  m_Script: {fileID: 11500000, guid: 41b6ea57d1c9c304bbea5e62cc72ce8e, type: 3}
  m_Name: Dialogue Start
  m_EditorClassIdentifier: 
  graph: {fileID: 11400000}
  position: {x: 24, y: -152}
  ports:
    keys:
    - input
    - output
    values:
    - _fieldName: input
      _node: {fileID: 114953285682135504}
      _typeQualifiedName: DialogueBaseNode, Assembly-CSharp, Version=0.0.0.0, Culture=neutral,
        PublicKeyToken=null
      connections: []
      _direction: 0
      _connectionType: 0
      _typeConstraint: 1
      _dynamic: 0
    - _fieldName: output
      _node: {fileID: 114953285682135504}
      _typeQualifiedName: DialogueBaseNode, Assembly-CSharp, Version=0.0.0.0, Culture=neutral,
        PublicKeyToken=null
      connections:
      - fieldName: input
        node: {fileID: 114577568017982168}
        reroutePoints: []
      _direction: 1
      _connectionType: 0
      _typeConstraint: 0
      _dynamic: 0
  input: {fileID: 0}
  output: {fileID: 0}
--- !u!114 &114955900259575684
MonoBehaviour:
  m_ObjectHideFlags: 0
  m_CorrespondingSourceObject: {fileID: 0}
  m_PrefabInstance: {fileID: 0}
  m_PrefabAsset: {fileID: 0}
  m_GameObject: {fileID: 0}
  m_Enabled: 1
  m_EditorHideFlags: 0
  m_Script: {fileID: 11500000, guid: e692c090318ed9041a351529ec196d7f, type: 3}
  m_Name: Quest Available
  m_EditorClassIdentifier: 
  graph: {fileID: 11400000}
  position: {x: 1720, y: -280}
  ports:
    keys:
    - pass
    - fail
    - input
    - output
    values:
    - _fieldName: pass
      _node: {fileID: 114955900259575684}
      _typeQualifiedName: DialogueBaseNode, Assembly-CSharp, Version=0.0.0.0, Culture=neutral,
        PublicKeyToken=null
      connections:
      - fieldName: input
        node: {fileID: 114461879509924854}
        reroutePoints: []
      _direction: 1
      _connectionType: 0
      _typeConstraint: 0
      _dynamic: 0
    - _fieldName: fail
      _node: {fileID: 114955900259575684}
      _typeQualifiedName: DialogueBaseNode, Assembly-CSharp, Version=0.0.0.0, Culture=neutral,
        PublicKeyToken=null
      connections:
      - fieldName: input
        node: {fileID: 114026562925243406}
        reroutePoints: []
      _direction: 1
      _connectionType: 0
      _typeConstraint: 0
      _dynamic: 0
    - _fieldName: input
      _node: {fileID: 114955900259575684}
      _typeQualifiedName: DialogueBaseNode, Assembly-CSharp, Version=0.0.0.0, Culture=neutral,
        PublicKeyToken=null
      connections:
      - fieldName: output
        node: {fileID: 114709848352998120}
        reroutePoints: []
      _direction: 0
      _connectionType: 0
      _typeConstraint: 1
      _dynamic: 0
    - _fieldName: output
      _node: {fileID: 114955900259575684}
      _typeQualifiedName: DialogueBaseNode, Assembly-CSharp, Version=0.0.0.0, Culture=neutral,
        PublicKeyToken=null
      connections: []
      _direction: 1
      _connectionType: 0
      _typeConstraint: 0
      _dynamic: 0
  input: {fileID: 0}
  output: {fileID: 0}
  pass: {fileID: 0}
  fail: {fileID: 0}
  Success: 0
--- !u!114 &114991201779271940
MonoBehaviour:
  m_ObjectHideFlags: 0
  m_CorrespondingSourceObject: {fileID: 0}
  m_PrefabInstance: {fileID: 0}
  m_PrefabAsset: {fileID: 0}
  m_GameObject: {fileID: 0}
  m_Enabled: 1
  m_EditorHideFlags: 0
  m_Script: {fileID: 11500000, guid: 4d7d47f9c7b6d744b80808cb7c47fcb0, type: 3}
  m_Name: Chat
  m_EditorClassIdentifier: 
  graph: {fileID: 11400000}
  position: {x: 584, y: -280}
  ports:
    keys:
    - Answers
    - input
    - output
    values:
    - _fieldName: Answers
      _node: {fileID: 114991201779271940}
      _typeQualifiedName: System.Collections.Generic.List`1[[System.String, mscorlib,
        Version=4.0.0.0, Culture=neutral, PublicKeyToken=b77a5c561934e089]], mscorlib,
        Version=4.0.0.0, Culture=neutral, PublicKeyToken=b77a5c561934e089
      connections: []
      _direction: 1
      _connectionType: 0
      _typeConstraint: 0
      _dynamic: 0
    - _fieldName: input
      _node: {fileID: 114991201779271940}
      _typeQualifiedName: DialogueBaseNode, Assembly-CSharp, Version=0.0.0.0, Culture=neutral,
        PublicKeyToken=null
      connections:
      - fieldName: Dialogue 0
        node: {fileID: 114577568017982168}
        reroutePoints: []
      _direction: 0
      _connectionType: 0
      _typeConstraint: 1
      _dynamic: 0
    - _fieldName: output
      _node: {fileID: 114991201779271940}
      _typeQualifiedName: DialogueBaseNode, Assembly-CSharp, Version=0.0.0.0, Culture=neutral,
        PublicKeyToken=null
      connections:
      - fieldName: input
        node: {fileID: 114871929783631270}
        reroutePoints: []
      _direction: 1
      _connectionType: 0
      _typeConstraint: 0
      _dynamic: 0
  input: {fileID: 0}
  output: {fileID: 0}
  Speaker: 1
  Instant: 0
  Text: CITY_LIONEL_01
  Answers: []
