%YAML 1.1
%TAG !u! tag:unity3d.com,2011:
--- !u!1 &4676065593851529216
GameObject:
  m_ObjectHideFlags: 0
  m_CorrespondingSourceObject: {fileID: 0}
  m_PrefabInstance: {fileID: 0}
  m_PrefabAsset: {fileID: 0}
  serializedVersion: 6
  m_Component:
  - component: {fileID: 4676065593851761696}
  m_Layer: 0
  m_Name: mixamorig:LeftHandMiddle2
  m_TagString: Untagged
  m_Icon: {fileID: 0}
  m_NavMeshLayer: 0
  m_StaticEditorFlags: 0
  m_IsActive: 1
--- !u!4 &4676065593851761696
Transform:
  m_ObjectHideFlags: 0
  m_CorrespondingSourceObject: {fileID: 0}
  m_PrefabInstance: {fileID: 0}
  m_PrefabAsset: {fileID: 0}
  m_GameObject: {fileID: 4676065593851529216}
  m_LocalRotation: {x: -0.0000001217677, y: 0.000016133692, z: 0.00041371977, w: 0.99999994}
  m_LocalPosition: {x: -0.00020463033, y: 0.04350944, z: 4.1801514e-11}
  m_LocalScale: {x: 1, y: 1, z: 1}
  m_Children:
  - {fileID: 4676065593851761698}
  m_Father: {fileID: 4676065593851761702}
  m_RootOrder: 0
  m_LocalEulerAnglesHint: {x: 24.872843, y: 1.7249514, z: 3.5031655}
--- !u!1 &4676065593851529218
GameObject:
  m_ObjectHideFlags: 0
  m_CorrespondingSourceObject: {fileID: 0}
  m_PrefabInstance: {fileID: 0}
  m_PrefabAsset: {fileID: 0}
  serializedVersion: 6
  m_Component:
  - component: {fileID: 4676065593851761698}
  m_Layer: 0
  m_Name: mixamorig:LeftHandMiddle3
  m_TagString: Untagged
  m_Icon: {fileID: 0}
  m_NavMeshLayer: 0
  m_StaticEditorFlags: 0
  m_IsActive: 1
--- !u!4 &4676065593851761698
Transform:
  m_ObjectHideFlags: 0
  m_CorrespondingSourceObject: {fileID: 0}
  m_PrefabInstance: {fileID: 0}
  m_PrefabAsset: {fileID: 0}
  m_GameObject: {fileID: 4676065593851529218}
  m_LocalRotation: {x: -0.00000031206645, y: -0.000176913, z: 0.0067535015, w: 0.9999772}
  m_LocalPosition: {x: -0.0001569879, y: 0.040420912, z: -5.438946e-10}
  m_LocalScale: {x: 1, y: 1, z: 1}
  m_Children:
  - {fileID: 4676065593851761692}
  m_Father: {fileID: 4676065593851761696}
  m_RootOrder: 0
  m_LocalEulerAnglesHint: {x: 12.570301, y: 0.6865331, z: 1.1842291}
--- !u!1 &4676065593851529220
GameObject:
  m_ObjectHideFlags: 0
  m_CorrespondingSourceObject: {fileID: 0}
  m_PrefabInstance: {fileID: 0}
  m_PrefabAsset: {fileID: 0}
  serializedVersion: 6
  m_Component:
  - component: {fileID: 4676065593851761700}
  m_Layer: 0
  m_Name: mixamorig:LeftHandIndex4
  m_TagString: Untagged
  m_Icon: {fileID: 0}
  m_NavMeshLayer: 0
  m_StaticEditorFlags: 0
  m_IsActive: 1
--- !u!4 &4676065593851761700
Transform:
  m_ObjectHideFlags: 0
  m_CorrespondingSourceObject: {fileID: 0}
  m_PrefabInstance: {fileID: 0}
  m_PrefabAsset: {fileID: 0}
  m_GameObject: {fileID: 4676065593851529220}
  m_LocalRotation: {x: 0, y: -0, z: -0, w: 1}
  m_LocalPosition: {x: 0.00026993625, y: 0.035052963, z: -5.956693e-10}
  m_LocalScale: {x: 1, y: 1, z: 1}
  m_Children: []
  m_Father: {fileID: 4676065593851761706}
  m_RootOrder: 0
  m_LocalEulerAnglesHint: {x: 0, y: 0, z: 0}
--- !u!1 &4676065593851529222
GameObject:
  m_ObjectHideFlags: 0
  m_CorrespondingSourceObject: {fileID: 0}
  m_PrefabInstance: {fileID: 0}
  m_PrefabAsset: {fileID: 0}
  serializedVersion: 6
  m_Component:
  - component: {fileID: 4676065593851761702}
  m_Layer: 0
  m_Name: mixamorig:LeftHandMiddle1
  m_TagString: Untagged
  m_Icon: {fileID: 0}
  m_NavMeshLayer: 0
  m_StaticEditorFlags: 0
  m_IsActive: 1
--- !u!4 &4676065593851761702
Transform:
  m_ObjectHideFlags: 0
  m_CorrespondingSourceObject: {fileID: 0}
  m_PrefabInstance: {fileID: 0}
  m_PrefabAsset: {fileID: 0}
  m_GameObject: {fileID: 4676065593851529222}
  m_LocalRotation: {x: -0.014157069, y: 0.0012525553, z: -0.049203344, w: 0.9986877}
  m_LocalPosition: {x: 0.011649926, y: 0.12393153, z: -0.0035361387}
  m_LocalScale: {x: 1, y: 1, z: 1}
  m_Children:
  - {fileID: 4676065593851761696}
  m_Father: {fileID: 4676065593851761708}
  m_RootOrder: 1
  m_LocalEulerAnglesHint: {x: 12.011241, y: 2.9099348, z: 5.9113393}
--- !u!1 &4676065593851529224
GameObject:
  m_ObjectHideFlags: 0
  m_CorrespondingSourceObject: {fileID: 0}
  m_PrefabInstance: {fileID: 0}
  m_PrefabAsset: {fileID: 0}
  serializedVersion: 6
  m_Component:
  - component: {fileID: 4676065593851761704}
  m_Layer: 0
  m_Name: mixamorig:LeftHandIndex2
  m_TagString: Untagged
  m_Icon: {fileID: 0}
  m_NavMeshLayer: 0
  m_StaticEditorFlags: 0
  m_IsActive: 1
--- !u!4 &4676065593851761704
Transform:
  m_ObjectHideFlags: 0
  m_CorrespondingSourceObject: {fileID: 0}
  m_PrefabInstance: {fileID: 0}
  m_PrefabAsset: {fileID: 0}
  m_GameObject: {fileID: 4676065593851529224}
  m_LocalRotation: {x: 0.00000009815191, y: 0.000021164882, z: 0.00052222895, w: 0.9999999}
  m_LocalPosition: {x: -0.00016107543, y: 0.04058366, z: -5.729711e-10}
  m_LocalScale: {x: 1, y: 1, z: 1}
  m_Children:
  - {fileID: 4676065593851761706}
  m_Father: {fileID: 4676065593851761710}
  m_RootOrder: 0
  m_LocalEulerAnglesHint: {x: 17.291296, y: 2.320432, z: 1.2947685}
--- !u!1 &4676065593851529226
GameObject:
  m_ObjectHideFlags: 0
  m_CorrespondingSourceObject: {fileID: 0}
  m_PrefabInstance: {fileID: 0}
  m_PrefabAsset: {fileID: 0}
  serializedVersion: 6
  m_Component:
  - component: {fileID: 4676065593851761706}
  m_Layer: 0
  m_Name: mixamorig:LeftHandIndex3
  m_TagString: Untagged
  m_Icon: {fileID: 0}
  m_NavMeshLayer: 0
  m_StaticEditorFlags: 0
  m_IsActive: 1
--- !u!4 &4676065593851761706
Transform:
  m_ObjectHideFlags: 0
  m_CorrespondingSourceObject: {fileID: 0}
  m_PrefabInstance: {fileID: 0}
  m_PrefabAsset: {fileID: 0}
  m_GameObject: {fileID: 4676065593851529226}
  m_LocalRotation: {x: 0.000000015600488, y: -0.00012570653, z: 0.0053125476, w: 0.9999859}
  m_LocalPosition: {x: -0.0001088615, y: 0.037293967, z: 2.3952963e-11}
  m_LocalScale: {x: 1, y: 1, z: 1}
  m_Children:
  - {fileID: 4676065593851761700}
  m_Father: {fileID: 4676065593851761704}
  m_RootOrder: 0
  m_LocalEulerAnglesHint: {x: 13.629801, y: 2.4569883, z: 3.963518}
--- !u!1 &4676065593851529228
GameObject:
  m_ObjectHideFlags: 0
  m_CorrespondingSourceObject: {fileID: 0}
  m_PrefabInstance: {fileID: 0}
  m_PrefabAsset: {fileID: 0}
  serializedVersion: 6
  m_Component:
  - component: {fileID: 4676065593851761708}
  m_Layer: 0
  m_Name: mixamorig:LeftHand
  m_TagString: Untagged
  m_Icon: {fileID: 0}
  m_NavMeshLayer: 0
  m_StaticEditorFlags: 0
  m_IsActive: 1
--- !u!4 &4676065593851761708
Transform:
  m_ObjectHideFlags: 0
  m_CorrespondingSourceObject: {fileID: 0}
  m_PrefabInstance: {fileID: 0}
  m_PrefabAsset: {fileID: 0}
  m_GameObject: {fileID: 4676065593851529228}
  m_LocalRotation: {x: 0.008309378, y: -0.12361108, z: 0.04823195, w: 0.9911231}
  m_LocalPosition: {x: -4.0733905e-10, y: 0.28281763, z: -8.64685e-11}
  m_LocalScale: {x: 1, y: 1, z: 1}
  m_Children:
  - {fileID: 4676065593851761710}
  - {fileID: 4676065593851761702}
  - {fileID: 4676065593851761694}
  - {fileID: 4676065593851761686}
  - {fileID: 4676065593851761678}
  m_Father: {fileID: 4676065593851761714}
  m_RootOrder: 0
  m_LocalEulerAnglesHint: {x: 0.64548165, y: -12.956665, z: 8.046688}
--- !u!1 &4676065593851529230
GameObject:
  m_ObjectHideFlags: 0
  m_CorrespondingSourceObject: {fileID: 0}
  m_PrefabInstance: {fileID: 0}
  m_PrefabAsset: {fileID: 0}
  serializedVersion: 6
  m_Component:
  - component: {fileID: 4676065593851761710}
  m_Layer: 0
  m_Name: mixamorig:LeftHandIndex1
  m_TagString: Untagged
  m_Icon: {fileID: 0}
  m_NavMeshLayer: 0
  m_StaticEditorFlags: 0
  m_IsActive: 1
--- !u!4 &4676065593851761710
Transform:
  m_ObjectHideFlags: 0
  m_CorrespondingSourceObject: {fileID: 0}
  m_PrefabInstance: {fileID: 0}
  m_PrefabAsset: {fileID: 0}
  m_GameObject: {fileID: 4676065593851529230}
  m_LocalRotation: {x: -0.014224079, y: -0.00023854911, z: -0.048810992, w: 0.99870676}
  m_LocalPosition: {x: 0.03829766, y: 0.11820242, z: 0.00034770826}
  m_LocalScale: {x: 1, y: 1, z: 1}
  m_Children:
  - {fileID: 4676065593851761704}
  m_Father: {fileID: 4676065593851761708}
  m_RootOrder: 0
  m_LocalEulerAnglesHint: {x: 6.5385404, y: -1.164931, z: 3.306604}
--- !u!1 &4676065593851529232
GameObject:
  m_ObjectHideFlags: 0
  m_CorrespondingSourceObject: {fileID: 0}
  m_PrefabInstance: {fileID: 0}
  m_PrefabAsset: {fileID: 0}
  serializedVersion: 6
  m_Component:
  - component: {fileID: 4676065593851761712}
  m_Layer: 0
  m_Name: mixamorig:LeftFoot
  m_TagString: Untagged
  m_Icon: {fileID: 0}
  m_NavMeshLayer: 0
  m_StaticEditorFlags: 0
  m_IsActive: 1
--- !u!4 &4676065593851761712
Transform:
  m_ObjectHideFlags: 0
  m_CorrespondingSourceObject: {fileID: 0}
  m_PrefabInstance: {fileID: 0}
  m_PrefabAsset: {fileID: 0}
  m_GameObject: {fileID: 4676065593851529232}
  m_LocalRotation: {x: 0.7084623, y: 0.0312821, z: -0.015951777, w: 0.7048746}
  m_LocalPosition: {x: 3.158405e-10, y: 0.51831925, z: 0.000000007640667}
  m_LocalScale: {x: 1, y: 1, z: 1}
  m_Children:
  - {fileID: 4676065593851761788}
  m_Father: {fileID: 4676065593851761670}
  m_RootOrder: 0
  m_LocalEulerAnglesHint: {x: 61.088135, y: 28.491718, z: 22.10416}
--- !u!1 &4676065593851529234
GameObject:
  m_ObjectHideFlags: 0
  m_CorrespondingSourceObject: {fileID: 0}
  m_PrefabInstance: {fileID: 0}
  m_PrefabAsset: {fileID: 0}
  serializedVersion: 6
  m_Component:
  - component: {fileID: 4676065593851761714}
  m_Layer: 0
  m_Name: mixamorig:LeftForeArm
  m_TagString: Untagged
  m_Icon: {fileID: 0}
  m_NavMeshLayer: 0
  m_StaticEditorFlags: 0
  m_IsActive: 1
--- !u!4 &4676065593851761714
Transform:
  m_ObjectHideFlags: 0
  m_CorrespondingSourceObject: {fileID: 0}
  m_PrefabInstance: {fileID: 0}
  m_PrefabAsset: {fileID: 0}
  m_GameObject: {fileID: 4676065593851529234}
  m_LocalRotation: {x: 0.00000031706026, y: 0.0010599411, z: -0.00000020577441, w: 0.99999946}
  m_LocalPosition: {x: 6.793241e-10, y: 0.33898112, z: -9.996637e-10}
  m_LocalScale: {x: 1, y: 1, z: 1}
  m_Children:
  - {fileID: 4676065593851761708}
  m_Father: {fileID: 4676065593851761718}
  m_RootOrder: 0
  m_LocalEulerAnglesHint: {x: 4.2303424, y: -1.3080949, z: -11.142559}
--- !u!1 &4676065593851529236
GameObject:
  m_ObjectHideFlags: 0
  m_CorrespondingSourceObject: {fileID: 0}
  m_PrefabInstance: {fileID: 0}
  m_PrefabAsset: {fileID: 0}
  serializedVersion: 6
  m_Component:
  - component: {fileID: 4676065593851761716}
  m_Layer: 0
  m_Name: mixamorig:Hips
  m_TagString: Untagged
  m_Icon: {fileID: 0}
  m_NavMeshLayer: 0
  m_StaticEditorFlags: 0
  m_IsActive: 1
--- !u!4 &4676065593851761716
Transform:
  m_ObjectHideFlags: 0
  m_CorrespondingSourceObject: {fileID: 0}
  m_PrefabInstance: {fileID: 0}
  m_PrefabAsset: {fileID: 0}
  m_GameObject: {fileID: 4676065593851529236}
  m_LocalRotation: {x: -0.0059309597, y: -0.00003909628, z: -0.0060852887, w: 0.99996394}
  m_LocalPosition: {x: 0.0010865588, y: 1.240597, z: -0.040889777}
  m_LocalScale: {x: 1, y: 1, z: 1}
  m_Children:
  - {fileID: 4676065593851761790}
  - {fileID: 4676065593851761730}
  - {fileID: 4676065593851762108}
  m_Father: {fileID: 4676065593851761726}
  m_RootOrder: 1
  m_LocalEulerAnglesHint: {x: -3.3559706, y: -5.260169, z: 3.7344797}
--- !u!1 &4676065593851529238
GameObject:
  m_ObjectHideFlags: 0
  m_CorrespondingSourceObject: {fileID: 0}
  m_PrefabInstance: {fileID: 0}
  m_PrefabAsset: {fileID: 0}
  serializedVersion: 6
  m_Component:
  - component: {fileID: 4676065593851761718}
  m_Layer: 0
  m_Name: mixamorig:LeftArm
  m_TagString: Untagged
  m_Icon: {fileID: 0}
  m_NavMeshLayer: 0
  m_StaticEditorFlags: 0
  m_IsActive: 1
--- !u!4 &4676065593851761718
Transform:
  m_ObjectHideFlags: 0
  m_CorrespondingSourceObject: {fileID: 0}
  m_PrefabInstance: {fileID: 0}
  m_PrefabAsset: {fileID: 0}
  m_GameObject: {fileID: 4676065593851529238}
  m_LocalRotation: {x: -0.08202052, y: -0.001457773, z: -0.016205152, w: 0.99649787}
  m_LocalPosition: {x: 1.811923e-11, y: 0.15804213, z: -1.6209441e-10}
  m_LocalScale: {x: 1, y: 1, z: 1}
  m_Children:
  - {fileID: 4676065593851761714}
  m_Father: {fileID: 4676065593851761664}
  m_RootOrder: 0
  m_LocalEulerAnglesHint: {x: 54.208206, y: 43.983337, z: 52.543995}
--- !u!1 &4676065593851529240
GameObject:
  m_ObjectHideFlags: 0
  m_CorrespondingSourceObject: {fileID: 0}
  m_PrefabInstance: {fileID: 0}
  m_PrefabAsset: {fileID: 0}
  serializedVersion: 6
  m_Component:
  - component: {fileID: 4676065593851761720}
  m_Layer: 0
  m_Name: mixamorig:Head
  m_TagString: Untagged
  m_Icon: {fileID: 0}
  m_NavMeshLayer: 0
  m_StaticEditorFlags: 0
  m_IsActive: 1
--- !u!4 &4676065593851761720
Transform:
  m_ObjectHideFlags: 0
  m_CorrespondingSourceObject: {fileID: 0}
  m_PrefabInstance: {fileID: 0}
  m_PrefabAsset: {fileID: 0}
  m_GameObject: {fileID: 4676065593851529240}
  m_LocalRotation: {x: 0, y: 0, z: 5.6547757e-27, w: 1}
  m_LocalPosition: {x: -0, y: 0.10372299, z: 0.037611388}
  m_LocalScale: {x: 1, y: 1, z: 1}
  m_Children:
  - {fileID: 4676065593851761722}
  m_Father: {fileID: 4676065593851761784}
  m_RootOrder: 0
  m_LocalEulerAnglesHint: {x: 0.6079374, y: 2.5933967, z: -1.1014519}
--- !u!1 &4676065593851529242
GameObject:
  m_ObjectHideFlags: 0
  m_CorrespondingSourceObject: {fileID: 0}
  m_PrefabInstance: {fileID: 0}
  m_PrefabAsset: {fileID: 0}
  serializedVersion: 6
  m_Component:
  - component: {fileID: 4676065593851761722}
  m_Layer: 0
  m_Name: mixamorig:HeadTop_End
  m_TagString: Untagged
  m_Icon: {fileID: 0}
  m_NavMeshLayer: 0
  m_StaticEditorFlags: 0
  m_IsActive: 1
--- !u!4 &4676065593851761722
Transform:
  m_ObjectHideFlags: 0
  m_CorrespondingSourceObject: {fileID: 0}
  m_PrefabInstance: {fileID: 0}
  m_PrefabAsset: {fileID: 0}
  m_GameObject: {fileID: 4676065593851529242}
  m_LocalRotation: {x: 0, y: -0, z: -0, w: 1}
  m_LocalPosition: {x: -0, y: 0.27046415, z: 0.098074034}
  m_LocalScale: {x: 1, y: 1, z: 1}
  m_Children: []
  m_Father: {fileID: 4676065593851761720}
  m_RootOrder: 0
  m_LocalEulerAnglesHint: {x: 0, y: 0, z: 0}
--- !u!1 &4676065593851529244
GameObject:
  m_ObjectHideFlags: 0
  m_CorrespondingSourceObject: {fileID: 0}
  m_PrefabInstance: {fileID: 0}
  m_PrefabAsset: {fileID: 0}
  serializedVersion: 6
  m_Component:
  - component: {fileID: 4676065593851761724}
  - component: {fileID: 4676065593837929756}
  m_Layer: 0
  m_Name: MedievalWoman2
  m_TagString: Untagged
  m_Icon: {fileID: 0}
  m_NavMeshLayer: 0
  m_StaticEditorFlags: 0
  m_IsActive: 1
--- !u!4 &4676065593851761724
Transform:
  m_ObjectHideFlags: 0
  m_CorrespondingSourceObject: {fileID: 0}
  m_PrefabInstance: {fileID: 0}
  m_PrefabAsset: {fileID: 0}
  m_GameObject: {fileID: 4676065593851529244}
  m_LocalRotation: {x: 0.000000081460335, y: 0, z: -0, w: 1}
  m_LocalPosition: {x: -0, y: 0, z: 0}
  m_LocalScale: {x: 1.22, y: 1.22, z: 1.22}
  m_Children: []
  m_Father: {fileID: 4676065593851761726}
  m_RootOrder: 0
  m_LocalEulerAnglesHint: {x: 0, y: 0, z: 0}
--- !u!137 &4676065593837929756
SkinnedMeshRenderer:
  m_ObjectHideFlags: 0
  m_CorrespondingSourceObject: {fileID: 0}
  m_PrefabInstance: {fileID: 0}
  m_PrefabAsset: {fileID: 0}
  m_GameObject: {fileID: 4676065593851529244}
  m_Enabled: 1
  m_CastShadows: 1
  m_ReceiveShadows: 1
  m_DynamicOccludee: 1
  m_MotionVectors: 1
  m_LightProbeUsage: 1
  m_ReflectionProbeUsage: 1
  m_RenderingLayerMask: 1
  m_RendererPriority: 0
  m_Materials:
  - {fileID: 2100000, guid: a555801f0474acc45bdf40ca970265e6, type: 3}
  - {fileID: 2100002, guid: a555801f0474acc45bdf40ca970265e6, type: 3}
  m_StaticBatchInfo:
    firstSubMesh: 0
    subMeshCount: 0
  m_StaticBatchRoot: {fileID: 0}
  m_ProbeAnchor: {fileID: 0}
  m_LightProbeVolumeOverride: {fileID: 0}
  m_ScaleInLightmap: 1
  m_PreserveUVs: 0
  m_IgnoreNormalsForChartDetection: 0
  m_ImportantGI: 0
  m_StitchLightmapSeams: 0
  m_SelectedEditorRenderState: 3
  m_MinimumChartSize: 4
  m_AutoUVMaxDistance: 0.5
  m_AutoUVMaxAngle: 89
  m_LightmapParameters: {fileID: 0}
  m_SortingLayerID: 0
  m_SortingLayer: 0
  m_SortingOrder: 0
  serializedVersion: 2
  m_Quality: 0
  m_UpdateWhenOffscreen: 0
  m_SkinnedMotionVectors: 1
  m_Mesh: {fileID: 4300000, guid: a555801f0474acc45bdf40ca970265e6, type: 3}
  m_Bones:
  - {fileID: 4676065593851761784}
  - {fileID: 4676065593851761720}
  - {fileID: 4676065593851761718}
  - {fileID: 4676065593851761714}
  - {fileID: 4676065593851761708}
  - {fileID: 4676065593851762104}
  - {fileID: 4676065593851761664}
  - {fileID: 4676065593851761686}
  - {fileID: 4676065593851761694}
  - {fileID: 4676065593851761702}
  - {fileID: 4676065593851761678}
  - {fileID: 4676065593851761688}
  - {fileID: 4676065593851761680}
  - {fileID: 4676065593851761696}
  - {fileID: 4676065593851761710}
  - {fileID: 4676065593851761672}
  - {fileID: 4676065593851761674}
  - {fileID: 4676065593851761690}
  - {fileID: 4676065593851761704}
  - {fileID: 4676065593851761706}
  - {fileID: 4676065593851761698}
  - {fileID: 4676065593851761682}
  - {fileID: 4676065593851761732}
  - {fileID: 4676065593851761786}
  - {fileID: 4676065593851761782}
  - {fileID: 4676065593851761776}
  - {fileID: 4676065593851761770}
  - {fileID: 4676065593851761754}
  - {fileID: 4676065593851761762}
  - {fileID: 4676065593851761746}
  - {fileID: 4676065593851761778}
  - {fileID: 4676065593851761756}
  - {fileID: 4676065593851761748}
  - {fileID: 4676065593851761764}
  - {fileID: 4676065593851761772}
  - {fileID: 4676065593851761740}
  - {fileID: 4676065593851761742}
  - {fileID: 4676065593851761758}
  - {fileID: 4676065593851761774}
  - {fileID: 4676065593851761766}
  - {fileID: 4676065593851761750}
  - {fileID: 4676065593851762110}
  - {fileID: 4676065593851761790}
  - {fileID: 4676065593851761670}
  - {fileID: 4676065593851761730}
  - {fileID: 4676065593851761712}
  - {fileID: 4676065593851761738}
  - {fileID: 4676065593851761788}
  - {fileID: 4676065593851761716}
  - {fileID: 4676065593851761780}
  - {fileID: 4676065593851761728}
  - {fileID: 4676065593851762108}
  m_BlendShapeWeights: []
  m_RootBone: {fileID: 4676065593851761716}
  m_AABB:
    m_Center: {x: -0.0049957633, y: -0.222835, z: 0.02045697}
    m_Extent: {x: 1.1001155, y: 1.1690137, z: 0.5861799}
  m_DirtyAABB: 0
--- !u!1 &4676065593851529246
GameObject:
  m_ObjectHideFlags: 0
  m_CorrespondingSourceObject: {fileID: 0}
  m_PrefabInstance: {fileID: 0}
  m_PrefabAsset: {fileID: 0}
  serializedVersion: 6
  m_Component:
  - component: {fileID: 4676065593851761726}
  - component: {fileID: 4676065593842154460}
  m_Layer: 0
  m_Name: MedievalWoman2
  m_TagString: Untagged
  m_Icon: {fileID: 0}
  m_NavMeshLayer: 0
  m_StaticEditorFlags: 0
  m_IsActive: 1
--- !u!4 &4676065593851761726
Transform:
  m_ObjectHideFlags: 0
  m_CorrespondingSourceObject: {fileID: 0}
  m_PrefabInstance: {fileID: 0}
  m_PrefabAsset: {fileID: 0}
  m_GameObject: {fileID: 4676065593851529246}
  m_LocalRotation: {x: 0, y: 0, z: 0, w: 1}
  m_LocalPosition: {x: 3.693, y: 1.0599769e-16, z: -11.261457}
  m_LocalScale: {x: 1, y: 1, z: 1}
  m_Children:
  - {fileID: 4676065593851761724}
  - {fileID: 4676065593851761716}
  m_Father: {fileID: 0}
  m_RootOrder: 0
  m_LocalEulerAnglesHint: {x: 0, y: 0, z: 0}
--- !u!95 &4676065593842154460
Animator:
  serializedVersion: 3
  m_ObjectHideFlags: 0
  m_CorrespondingSourceObject: {fileID: 0}
  m_PrefabInstance: {fileID: 0}
  m_PrefabAsset: {fileID: 0}
  m_GameObject: {fileID: 4676065593851529246}
  m_Enabled: 1
  m_Avatar: {fileID: 9000000, guid: a555801f0474acc45bdf40ca970265e6, type: 3}
  m_Controller: {fileID: 9100000, guid: 9fb119292429a604cb8b98e0a18ffc88, type: 2}
  m_CullingMode: 0
  m_UpdateMode: 0
  m_ApplyRootMotion: 0
  m_LinearVelocityBlending: 0
  m_WarningMessage: 
  m_HasTransformHierarchy: 1
  m_AllowConstantClipSamplingOptimization: 1
  m_KeepAnimatorControllerStateOnDisable: 0
--- !u!1 &4676065593851529280
GameObject:
  m_ObjectHideFlags: 0
  m_CorrespondingSourceObject: {fileID: 0}
  m_PrefabInstance: {fileID: 0}
  m_PrefabAsset: {fileID: 0}
  serializedVersion: 6
  m_Component:
  - component: {fileID: 4676065593851761760}
  m_Layer: 0
  m_Name: mixamorig:RightHandMiddle4
  m_TagString: Untagged
  m_Icon: {fileID: 0}
  m_NavMeshLayer: 0
  m_StaticEditorFlags: 0
  m_IsActive: 1
--- !u!4 &4676065593851761760
Transform:
  m_ObjectHideFlags: 0
  m_CorrespondingSourceObject: {fileID: 0}
  m_PrefabInstance: {fileID: 0}
  m_PrefabAsset: {fileID: 0}
  m_GameObject: {fileID: 4676065593851529280}
  m_LocalRotation: {x: 0, y: -0, z: -0, w: 1}
  m_LocalPosition: {x: -0.00031332768, y: 0.036860537, z: 5.6033116e-11}
  m_LocalScale: {x: 1, y: 1, z: 1}
  m_Children: []
  m_Father: {fileID: 4676065593851761766}
  m_RootOrder: 0
  m_LocalEulerAnglesHint: {x: 0, y: 0, z: 0}
--- !u!1 &4676065593851529282
GameObject:
  m_ObjectHideFlags: 0
  m_CorrespondingSourceObject: {fileID: 0}
  m_PrefabInstance: {fileID: 0}
  m_PrefabAsset: {fileID: 0}
  serializedVersion: 6
  m_Component:
  - component: {fileID: 4676065593851761762}
  m_Layer: 0
  m_Name: mixamorig:RightHandPinky1
  m_TagString: Untagged
  m_Icon: {fileID: 0}
  m_NavMeshLayer: 0
  m_StaticEditorFlags: 0
  m_IsActive: 1
--- !u!4 &4676065593851761762
Transform:
  m_ObjectHideFlags: 0
  m_CorrespondingSourceObject: {fileID: 0}
  m_PrefabInstance: {fileID: 0}
  m_PrefabAsset: {fileID: 0}
  m_GameObject: {fileID: 4676065593851529282}
  m_LocalRotation: {x: -0.0077165184, y: 0.003319033, z: 0.04349643, w: 0.9990183}
  m_LocalPosition: {x: 0.03760821, y: 0.117482744, z: 0.0031893}
  m_LocalScale: {x: 1, y: 1, z: 1}
  m_Children:
  - {fileID: 4676065593851761756}
  m_Father: {fileID: 4676065593851761776}
  m_RootOrder: 2
  m_LocalEulerAnglesHint: {x: 7.6370015, y: -9.473685, z: -8.435316}
--- !u!1 &4676065593851529284
GameObject:
  m_ObjectHideFlags: 0
  m_CorrespondingSourceObject: {fileID: 0}
  m_PrefabInstance: {fileID: 0}
  m_PrefabAsset: {fileID: 0}
  serializedVersion: 6
  m_Component:
  - component: {fileID: 4676065593851761764}
  m_Layer: 0
  m_Name: mixamorig:RightHandMiddle2
  m_TagString: Untagged
  m_Icon: {fileID: 0}
  m_NavMeshLayer: 0
  m_StaticEditorFlags: 0
  m_IsActive: 1
--- !u!4 &4676065593851761764
Transform:
  m_ObjectHideFlags: 0
  m_CorrespondingSourceObject: {fileID: 0}
  m_PrefabInstance: {fileID: 0}
  m_PrefabAsset: {fileID: 0}
  m_GameObject: {fileID: 4676065593851529284}
  m_LocalRotation: {x: 0.0000005804111, y: 0.00013625284, z: 0.003438529, w: 0.9999941}
  m_LocalPosition: {x: 0.00002202152, y: 0.0422722, z: 4.8496046e-10}
  m_LocalScale: {x: 1, y: 1, z: 1}
  m_Children:
  - {fileID: 4676065593851761766}
  m_Father: {fileID: 4676065593851761770}
  m_RootOrder: 0
  m_LocalEulerAnglesHint: {x: 26.406128, y: -2.0796428, z: -4.395596}
--- !u!1 &4676065593851529286
GameObject:
  m_ObjectHideFlags: 0
  m_CorrespondingSourceObject: {fileID: 0}
  m_PrefabInstance: {fileID: 0}
  m_PrefabAsset: {fileID: 0}
  serializedVersion: 6
  m_Component:
  - component: {fileID: 4676065593851761766}
  m_Layer: 0
  m_Name: mixamorig:RightHandMiddle3
  m_TagString: Untagged
  m_Icon: {fileID: 0}
  m_NavMeshLayer: 0
  m_StaticEditorFlags: 0
  m_IsActive: 1
--- !u!4 &4676065593851761766
Transform:
  m_ObjectHideFlags: 0
  m_CorrespondingSourceObject: {fileID: 0}
  m_PrefabInstance: {fileID: 0}
  m_PrefabAsset: {fileID: 0}
  m_GameObject: {fileID: 4676065593851529286}
  m_LocalRotation: {x: 0.00000024746495, y: 0.00004374217, z: -0.007944346, w: 0.99996847}
  m_LocalPosition: {x: 0.0002913059, y: 0.03933627, z: 7.378736e-10}
  m_LocalScale: {x: 1, y: 1, z: 1}
  m_Children:
  - {fileID: 4676065593851761760}
  m_Father: {fileID: 4676065593851761764}
  m_RootOrder: 0
  m_LocalEulerAnglesHint: {x: 11.127115, y: -0.9114856, z: -1.6994847}
--- !u!1 &4676065593851529288
GameObject:
  m_ObjectHideFlags: 0
  m_CorrespondingSourceObject: {fileID: 0}
  m_PrefabInstance: {fileID: 0}
  m_PrefabAsset: {fileID: 0}
  serializedVersion: 6
  m_Component:
  - component: {fileID: 4676065593851761768}
  m_Layer: 0
  m_Name: mixamorig:RightHandIndex4
  m_TagString: Untagged
  m_Icon: {fileID: 0}
  m_NavMeshLayer: 0
  m_StaticEditorFlags: 0
  m_IsActive: 1
--- !u!4 &4676065593851761768
Transform:
  m_ObjectHideFlags: 0
  m_CorrespondingSourceObject: {fileID: 0}
  m_PrefabInstance: {fileID: 0}
  m_PrefabAsset: {fileID: 0}
  m_GameObject: {fileID: 4676065593851529288}
  m_LocalRotation: {x: 0, y: -0, z: -0, w: 1}
  m_LocalPosition: {x: 0.00012582114, y: 0.032784518, z: -0.0000000011153594}
  m_LocalScale: {x: 1, y: 1, z: 1}
  m_Children: []
  m_Father: {fileID: 4676065593851761774}
  m_RootOrder: 0
  m_LocalEulerAnglesHint: {x: 0, y: 0, z: 0}
--- !u!1 &4676065593851529290
GameObject:
  m_ObjectHideFlags: 0
  m_CorrespondingSourceObject: {fileID: 0}
  m_PrefabInstance: {fileID: 0}
  m_PrefabAsset: {fileID: 0}
  serializedVersion: 6
  m_Component:
  - component: {fileID: 4676065593851761770}
  m_Layer: 0
  m_Name: mixamorig:RightHandMiddle1
  m_TagString: Untagged
  m_Icon: {fileID: 0}
  m_NavMeshLayer: 0
  m_StaticEditorFlags: 0
  m_IsActive: 1
--- !u!4 &4676065593851761770
Transform:
  m_ObjectHideFlags: 0
  m_CorrespondingSourceObject: {fileID: 0}
  m_PrefabInstance: {fileID: 0}
  m_PrefabAsset: {fileID: 0}
  m_GameObject: {fileID: 4676065593851529290}
  m_LocalRotation: {x: -0.007544969, y: -0.000352775, z: 0.045413274, w: 0.99893975}
  m_LocalPosition: {x: -0.011478115, y: 0.12670852, z: -0.001922409}
  m_LocalScale: {x: 1, y: 1, z: 1}
  m_Children:
  - {fileID: 4676065593851761764}
  m_Father: {fileID: 4676065593851761776}
  m_RootOrder: 1
  m_LocalEulerAnglesHint: {x: 11.054826, y: -1.8116269, z: 4.9903383}
--- !u!1 &4676065593851529292
GameObject:
  m_ObjectHideFlags: 0
  m_CorrespondingSourceObject: {fileID: 0}
  m_PrefabInstance: {fileID: 0}
  m_PrefabAsset: {fileID: 0}
  serializedVersion: 6
  m_Component:
  - component: {fileID: 4676065593851761772}
  m_Layer: 0
  m_Name: mixamorig:RightHandIndex2
  m_TagString: Untagged
  m_Icon: {fileID: 0}
  m_NavMeshLayer: 0
  m_StaticEditorFlags: 0
  m_IsActive: 1
--- !u!4 &4676065593851761772
Transform:
  m_ObjectHideFlags: 0
  m_CorrespondingSourceObject: {fileID: 0}
  m_PrefabInstance: {fileID: 0}
  m_PrefabAsset: {fileID: 0}
  m_GameObject: {fileID: 4676065593851529292}
  m_LocalRotation: {x: 0.00000016921213, y: -0.000035253866, z: 0.003232811, w: 0.9999948}
  m_LocalPosition: {x: -0.00018566428, y: 0.038591485, z: -1.2459139e-10}
  m_LocalScale: {x: 1, y: 1, z: 1}
  m_Children:
  - {fileID: 4676065593851761774}
  m_Father: {fileID: 4676065593851761778}
  m_RootOrder: 0
  m_LocalEulerAnglesHint: {x: 19.418982, y: -2.800436, z: -1.5986533}
--- !u!1 &4676065593851529294
GameObject:
  m_ObjectHideFlags: 0
  m_CorrespondingSourceObject: {fileID: 0}
  m_PrefabInstance: {fileID: 0}
  m_PrefabAsset: {fileID: 0}
  serializedVersion: 6
  m_Component:
  - component: {fileID: 4676065593851761774}
  m_Layer: 0
  m_Name: mixamorig:RightHandIndex3
  m_TagString: Untagged
  m_Icon: {fileID: 0}
  m_NavMeshLayer: 0
  m_StaticEditorFlags: 0
  m_IsActive: 1
--- !u!4 &4676065593851761774
Transform:
  m_ObjectHideFlags: 0
  m_CorrespondingSourceObject: {fileID: 0}
  m_PrefabInstance: {fileID: 0}
  m_PrefabAsset: {fileID: 0}
  m_GameObject: {fileID: 4676065593851529294}
  m_LocalRotation: {x: 0.00000010348337, y: 0.000033695036, z: 0.001098756, w: 0.9999994}
  m_LocalPosition: {x: 0.000059843704, y: 0.036454037, z: 1.2783147e-10}
  m_LocalScale: {x: 1, y: 1, z: 1}
  m_Children:
  - {fileID: 4676065593851761768}
  m_Father: {fileID: 4676065593851761772}
  m_RootOrder: 0
  m_LocalEulerAnglesHint: {x: 15.206471, y: -3.1073196, z: -4.423014}
--- !u!1 &4676065593851529296
GameObject:
  m_ObjectHideFlags: 0
  m_CorrespondingSourceObject: {fileID: 0}
  m_PrefabInstance: {fileID: 0}
  m_PrefabAsset: {fileID: 0}
  serializedVersion: 6
  m_Component:
  - component: {fileID: 4676065593851761776}
  m_Layer: 0
  m_Name: mixamorig:RightHand
  m_TagString: Untagged
  m_Icon: {fileID: 0}
  m_NavMeshLayer: 0
  m_StaticEditorFlags: 0
  m_IsActive: 1
--- !u!4 &4676065593851761776
Transform:
  m_ObjectHideFlags: 0
  m_CorrespondingSourceObject: {fileID: 0}
  m_PrefabInstance: {fileID: 0}
  m_PrefabAsset: {fileID: 0}
  m_GameObject: {fileID: 4676065593851529296}
  m_LocalRotation: {x: 0.0021725274, y: 0.11803588, z: -0.04572707, w: 0.99195355}
  m_LocalPosition: {x: 5.6042154e-10, y: 0.28286335, z: -1.150579e-10}
  m_LocalScale: {x: 1, y: 1, z: 1}
  m_Children:
  - {fileID: 4676065593851761778}
  - {fileID: 4676065593851761770}
  - {fileID: 4676065593851761762}
  - {fileID: 4676065593851761754}
  - {fileID: 4676065593851761746}
  m_Father: {fileID: 4676065593851761782}
  m_RootOrder: 0
  m_LocalEulerAnglesHint: {x: -0.3651902, y: 13.225855, z: -12.240466}
--- !u!1 &4676065593851529298
GameObject:
  m_ObjectHideFlags: 0
  m_CorrespondingSourceObject: {fileID: 0}
  m_PrefabInstance: {fileID: 0}
  m_PrefabAsset: {fileID: 0}
  serializedVersion: 6
  m_Component:
  - component: {fileID: 4676065593851761778}
  m_Layer: 0
  m_Name: mixamorig:RightHandIndex1
  m_TagString: Untagged
  m_Icon: {fileID: 0}
  m_NavMeshLayer: 0
  m_StaticEditorFlags: 0
  m_IsActive: 1
--- !u!4 &4676065593851761778
Transform:
  m_ObjectHideFlags: 0
  m_CorrespondingSourceObject: {fileID: 0}
  m_PrefabInstance: {fileID: 0}
  m_PrefabAsset: {fileID: 0}
  m_GameObject: {fileID: 4676065593851529298}
  m_LocalRotation: {x: -0.007574425, y: 0.0002732446, z: 0.042740885, w: 0.9990575}
  m_LocalPosition: {x: -0.037479144, y: 0.12133385, z: 0.0008125522}
  m_LocalScale: {x: 1, y: 1, z: 1}
  m_Children:
  - {fileID: 4676065593851761772}
  m_Father: {fileID: 4676065593851761776}
  m_RootOrder: 0
  m_LocalEulerAnglesHint: {x: 9.484316, y: 3.4448678, z: 10.954399}
--- !u!1 &4676065593851529300
GameObject:
  m_ObjectHideFlags: 0
  m_CorrespondingSourceObject: {fileID: 0}
  m_PrefabInstance: {fileID: 0}
  m_PrefabAsset: {fileID: 0}
  serializedVersion: 6
  m_Component:
  - component: {fileID: 4676065593851761780}
  m_Layer: 0
  m_Name: mixamorig:RightFoot
  m_TagString: Untagged
  m_Icon: {fileID: 0}
  m_NavMeshLayer: 0
  m_StaticEditorFlags: 0
  m_IsActive: 1
--- !u!4 &4676065593851761780
Transform:
  m_ObjectHideFlags: 0
  m_CorrespondingSourceObject: {fileID: 0}
  m_PrefabInstance: {fileID: 0}
  m_PrefabAsset: {fileID: 0}
  m_GameObject: {fileID: 4676065593851529300}
  m_LocalRotation: {x: 0.5170187, y: -0.020930585, z: 0.00023697135, w: 0.85571814}
  m_LocalPosition: {x: 3.7004844e-10, y: 0.43617156, z: 0.0000000035456855}
  m_LocalScale: {x: 1, y: 1, z: 1}
  m_Children:
  - {fileID: 4676065593851761728}
  m_Father: {fileID: 4676065593851761738}
  m_RootOrder: 0
  m_LocalEulerAnglesHint: {x: 47.37505, y: -0.7243421, z: 4.9011703}
--- !u!1 &4676065593851529302
GameObject:
  m_ObjectHideFlags: 0
  m_CorrespondingSourceObject: {fileID: 0}
  m_PrefabInstance: {fileID: 0}
  m_PrefabAsset: {fileID: 0}
  serializedVersion: 6
  m_Component:
  - component: {fileID: 4676065593851761782}
  m_Layer: 0
  m_Name: mixamorig:RightForeArm
  m_TagString: Untagged
  m_Icon: {fileID: 0}
  m_NavMeshLayer: 0
  m_StaticEditorFlags: 0
  m_IsActive: 1
--- !u!4 &4676065593851761782
Transform:
  m_ObjectHideFlags: 0
  m_CorrespondingSourceObject: {fileID: 0}
  m_PrefabInstance: {fileID: 0}
  m_PrefabAsset: {fileID: 0}
  m_GameObject: {fileID: 4676065593851529302}
  m_LocalRotation: {x: -0.00000029152616, y: -0.0010587627, z: 0.00000009806261, w: 0.99999946}
  m_LocalPosition: {x: 7.37363e-10, y: 0.33896038, z: 0.0000000010296191}
  m_LocalScale: {x: 1, y: 1, z: 1}
  m_Children:
  - {fileID: 4676065593851761776}
  m_Father: {fileID: 4676065593851761786}
  m_RootOrder: 0
  m_LocalEulerAnglesHint: {x: 3.4082317, y: 0.51227134, z: 16.281496}
--- !u!1 &4676065593851529304
GameObject:
  m_ObjectHideFlags: 0
  m_CorrespondingSourceObject: {fileID: 0}
  m_PrefabInstance: {fileID: 0}
  m_PrefabAsset: {fileID: 0}
  serializedVersion: 6
  m_Component:
  - component: {fileID: 4676065593851761784}
  m_Layer: 0
  m_Name: mixamorig:Neck
  m_TagString: Untagged
  m_Icon: {fileID: 0}
  m_NavMeshLayer: 0
  m_StaticEditorFlags: 0
  m_IsActive: 1
--- !u!4 &4676065593851761784
Transform:
  m_ObjectHideFlags: 0
  m_CorrespondingSourceObject: {fileID: 0}
  m_PrefabInstance: {fileID: 0}
  m_PrefabAsset: {fileID: 0}
  m_GameObject: {fileID: 4676065593851529304}
  m_LocalRotation: {x: 0.10121046, y: 1.939717e-14, z: 2.3054844e-13, w: 0.99486506}
  m_LocalPosition: {x: -0, y: 0.16896188, z: -0.0000000070064465}
  m_LocalScale: {x: 1, y: 1, z: 1}
  m_Children:
  - {fileID: 4676065593851761720}
  m_Father: {fileID: 4676065593851762104}
  m_RootOrder: 1
  m_LocalEulerAnglesHint: {x: 15.8053875, y: 2.8702054, z: 0.93408334}
--- !u!1 &4676065593851529306
GameObject:
  m_ObjectHideFlags: 0
  m_CorrespondingSourceObject: {fileID: 0}
  m_PrefabInstance: {fileID: 0}
  m_PrefabAsset: {fileID: 0}
  serializedVersion: 6
  m_Component:
  - component: {fileID: 4676065593851761786}
  m_Layer: 0
  m_Name: mixamorig:RightArm
  m_TagString: Untagged
  m_Icon: {fileID: 0}
  m_NavMeshLayer: 0
  m_StaticEditorFlags: 0
  m_IsActive: 1
--- !u!4 &4676065593851761786
Transform:
  m_ObjectHideFlags: 0
  m_CorrespondingSourceObject: {fileID: 0}
  m_PrefabInstance: {fileID: 0}
  m_PrefabAsset: {fileID: 0}
  m_GameObject: {fileID: 4676065593851529306}
  m_LocalRotation: {x: -0.08167854, y: 0.0011920577, z: 0.017841205, w: 0.99649835}
  m_LocalPosition: {x: -3.7832387e-11, y: 0.15804215, z: -1.785969e-10}
  m_LocalScale: {x: 1, y: 1, z: 1}
  m_Children:
  - {fileID: 4676065593851761782}
  m_Father: {fileID: 4676065593851761732}
  m_RootOrder: 0
  m_LocalEulerAnglesHint: {x: 60.474945, y: -23.506502, z: -38.377953}
--- !u!1 &4676065593851529308
GameObject:
  m_ObjectHideFlags: 0
  m_CorrespondingSourceObject: {fileID: 0}
  m_PrefabInstance: {fileID: 0}
  m_PrefabAsset: {fileID: 0}
  serializedVersion: 6
  m_Component:
  - component: {fileID: 4676065593851761788}
  m_Layer: 0
  m_Name: mixamorig:LeftToeBase
  m_TagString: Untagged
  m_Icon: {fileID: 0}
  m_NavMeshLayer: 0
  m_StaticEditorFlags: 0
  m_IsActive: 1
--- !u!4 &4676065593851761788
Transform:
  m_ObjectHideFlags: 0
  m_CorrespondingSourceObject: {fileID: 0}
  m_PrefabInstance: {fileID: 0}
  m_PrefabAsset: {fileID: 0}
  m_GameObject: {fileID: 4676065593851529308}
  m_LocalRotation: {x: 0.25698736, y: 0.07414484, z: -0.019778863, w: 0.96336335}
  m_LocalPosition: {x: 1.8837588e-10, y: 0.2040342, z: 0.0000000073565087}
  m_LocalScale: {x: 1, y: 1, z: 1}
  m_Children:
  - {fileID: 4676065593851761666}
  m_Father: {fileID: 4676065593851761712}
  m_RootOrder: 0
  m_LocalEulerAnglesHint: {x: 58.745438, y: 15.7613535, z: 7.9026895}
--- !u!1 &4676065593851529310
GameObject:
  m_ObjectHideFlags: 0
  m_CorrespondingSourceObject: {fileID: 0}
  m_PrefabInstance: {fileID: 0}
  m_PrefabAsset: {fileID: 0}
  serializedVersion: 6
  m_Component:
  - component: {fileID: 4676065593851761790}
  m_Layer: 0
  m_Name: mixamorig:LeftUpLeg
  m_TagString: Untagged
  m_Icon: {fileID: 0}
  m_NavMeshLayer: 0
  m_StaticEditorFlags: 0
  m_IsActive: 1
--- !u!4 &4676065593851761790
Transform:
  m_ObjectHideFlags: 0
  m_CorrespondingSourceObject: {fileID: 0}
  m_PrefabInstance: {fileID: 0}
  m_PrefabAsset: {fileID: 0}
  m_GameObject: {fileID: 4676065593851529310}
  m_LocalRotation: {x: 0.002925985, y: 0.1016637, z: 0.9947932, w: 0.0065123136}
  m_LocalPosition: {x: -0.08968528, y: -0.061296463, z: 0.12658161}
  m_LocalScale: {x: 1, y: 1, z: 1}
  m_Children:
  - {fileID: 4676065593851761670}
  m_Father: {fileID: 4676065593851761716}
  m_RootOrder: 0
  m_LocalEulerAnglesHint: {x: -16.423515, y: -5.821893, z: 168.77554}
--- !u!1 &4676065593851529312
GameObject:
  m_ObjectHideFlags: 0
  m_CorrespondingSourceObject: {fileID: 0}
  m_PrefabInstance: {fileID: 0}
  m_PrefabAsset: {fileID: 0}
  serializedVersion: 6
  m_Component:
  - component: {fileID: 4676065593851761664}
  m_Layer: 0
  m_Name: mixamorig:LeftShoulder
  m_TagString: Untagged
  m_Icon: {fileID: 0}
  m_NavMeshLayer: 0
  m_StaticEditorFlags: 0
  m_IsActive: 1
--- !u!4 &4676065593851761664
Transform:
  m_ObjectHideFlags: 0
  m_CorrespondingSourceObject: {fileID: 0}
  m_PrefabInstance: {fileID: 0}
  m_PrefabAsset: {fileID: 0}
  m_GameObject: {fileID: 4676065593851529312}
  m_LocalRotation: {x: 0.5303081, y: -0.46446428, z: 0.5482164, w: 0.4500056}
  m_LocalPosition: {x: -0.07522623, y: 0.15550463, z: -0.002636339}
  m_LocalScale: {x: 1, y: 1, z: 1}
  m_Children:
  - {fileID: 4676065593851761718}
  m_Father: {fileID: 4676065593851762104}
  m_RootOrder: 0
  m_LocalEulerAnglesHint: {x: 76.28374, y: 107.816864, z: -166.07216}
--- !u!1 &4676065593851529314
GameObject:
  m_ObjectHideFlags: 0
  m_CorrespondingSourceObject: {fileID: 0}
  m_PrefabInstance: {fileID: 0}
  m_PrefabAsset: {fileID: 0}
  serializedVersion: 6
  m_Component:
  - component: {fileID: 4676065593851761666}
  m_Layer: 0
  m_Name: mixamorig:LeftToe_End
  m_TagString: Untagged
  m_Icon: {fileID: 0}
  m_NavMeshLayer: 0
  m_StaticEditorFlags: 0
  m_IsActive: 1
--- !u!4 &4676065593851761666
Transform:
  m_ObjectHideFlags: 0
  m_CorrespondingSourceObject: {fileID: 0}
  m_PrefabInstance: {fileID: 0}
  m_PrefabAsset: {fileID: 0}
  m_GameObject: {fileID: 4676065593851529314}
  m_LocalRotation: {x: 0, y: -0, z: -0, w: 1}
  m_LocalPosition: {x: -2.2519206e-10, y: 0.088346556, z: -7.773973e-11}
  m_LocalScale: {x: 1, y: 1, z: 1}
  m_Children: []
  m_Father: {fileID: 4676065593851761788}
  m_RootOrder: 0
  m_LocalEulerAnglesHint: {x: 0, y: 0, z: 0}
--- !u!1 &4676065593851529316
GameObject:
  m_ObjectHideFlags: 0
  m_CorrespondingSourceObject: {fileID: 0}
  m_PrefabInstance: {fileID: 0}
  m_PrefabAsset: {fileID: 0}
  serializedVersion: 6
  m_Component:
  - component: {fileID: 4676065593851761668}
  m_Layer: 0
  m_Name: mixamorig:LeftHandThumb4
  m_TagString: Untagged
  m_Icon: {fileID: 0}
  m_NavMeshLayer: 0
  m_StaticEditorFlags: 0
  m_IsActive: 1
--- !u!4 &4676065593851761668
Transform:
  m_ObjectHideFlags: 0
  m_CorrespondingSourceObject: {fileID: 0}
  m_PrefabInstance: {fileID: 0}
  m_PrefabAsset: {fileID: 0}
  m_GameObject: {fileID: 4676065593851529316}
  m_LocalRotation: {x: 0, y: -0, z: -0, w: 1}
  m_LocalPosition: {x: -0.00053302053, y: 0.03337618, z: -0.0000000015417836}
  m_LocalScale: {x: 1, y: 1, z: 1}
  m_Children: []
  m_Father: {fileID: 4676065593851761674}
  m_RootOrder: 0
  m_LocalEulerAnglesHint: {x: 0, y: 0, z: 0}
--- !u!1 &4676065593851529318
GameObject:
  m_ObjectHideFlags: 0
  m_CorrespondingSourceObject: {fileID: 0}
  m_PrefabInstance: {fileID: 0}
  m_PrefabAsset: {fileID: 0}
  serializedVersion: 6
  m_Component:
  - component: {fileID: 4676065593851761670}
  m_Layer: 0
  m_Name: mixamorig:LeftLeg
  m_TagString: Untagged
  m_Icon: {fileID: 0}
  m_NavMeshLayer: 0
  m_StaticEditorFlags: 0
  m_IsActive: 1
--- !u!4 &4676065593851761670
Transform:
  m_ObjectHideFlags: 0
  m_CorrespondingSourceObject: {fileID: 0}
  m_PrefabInstance: {fileID: 0}
  m_PrefabAsset: {fileID: 0}
  m_GameObject: {fileID: 4676065593851529318}
  m_LocalRotation: {x: -0.3557746, y: -0.018609047, z: -0.0012862964, w: 0.93438566}
  m_LocalPosition: {x: -4.0856205e-16, y: 0.622081, z: -4.8328525e-10}
  m_LocalScale: {x: 1, y: 1, z: 1}
  m_Children:
  - {fileID: 4676065593851761712}
  m_Father: {fileID: 4676065593851761790}
  m_RootOrder: 0
  m_LocalEulerAnglesHint: {x: -49.68912, y: -10.597332, z: 3.8226018}
--- !u!1 &4676065593851529320
GameObject:
  m_ObjectHideFlags: 0
  m_CorrespondingSourceObject: {fileID: 0}
  m_PrefabInstance: {fileID: 0}
  m_PrefabAsset: {fileID: 0}
  serializedVersion: 6
  m_Component:
  - component: {fileID: 4676065593851761672}
  m_Layer: 0
  m_Name: mixamorig:LeftHandThumb2
  m_TagString: Untagged
  m_Icon: {fileID: 0}
  m_NavMeshLayer: 0
  m_StaticEditorFlags: 0
  m_IsActive: 1
--- !u!4 &4676065593851761672
Transform:
  m_ObjectHideFlags: 0
  m_CorrespondingSourceObject: {fileID: 0}
  m_PrefabInstance: {fileID: 0}
  m_PrefabAsset: {fileID: 0}
  m_GameObject: {fileID: 4676065593851529320}
  m_LocalRotation: {x: 0.00000054980103, y: 0.00010099535, z: -0.086801484, w: 0.99622566}
  m_LocalPosition: {x: 0.0039882306, y: 0.044332225, z: -7.4258677e-10}
  m_LocalScale: {x: 1, y: 1, z: 1}
  m_Children:
  - {fileID: 4676065593851761674}
  m_Father: {fileID: 4676065593851761678}
  m_RootOrder: 0
  m_LocalEulerAnglesHint: {x: 2.4753118, y: 16.480505, z: 11.881776}
--- !u!1 &4676065593851529322
GameObject:
  m_ObjectHideFlags: 0
  m_CorrespondingSourceObject: {fileID: 0}
  m_PrefabInstance: {fileID: 0}
  m_PrefabAsset: {fileID: 0}
  serializedVersion: 6
  m_Component:
  - component: {fileID: 4676065593851761674}
  m_Layer: 0
  m_Name: mixamorig:LeftHandThumb3
  m_TagString: Untagged
  m_Icon: {fileID: 0}
  m_NavMeshLayer: 0
  m_StaticEditorFlags: 0
  m_IsActive: 1
--- !u!4 &4676065593851761674
Transform:
  m_ObjectHideFlags: 0
  m_CorrespondingSourceObject: {fileID: 0}
  m_PrefabInstance: {fileID: 0}
  m_PrefabAsset: {fileID: 0}
  m_GameObject: {fileID: 4676065593851529322}
  m_LocalRotation: {x: -0.00020402351, y: 0.004070595, z: 0.03406231, w: 0.9994114}
  m_LocalPosition: {x: -0.0034552112, y: 0.04098164, z: -4.874408e-10}
  m_LocalScale: {x: 1, y: 1, z: 1}
  m_Children:
  - {fileID: 4676065593851761668}
  m_Father: {fileID: 4676065593851761672}
  m_RootOrder: 0
  m_LocalEulerAnglesHint: {x: -1.4858276, y: 6.8355336, z: 5.324022}
--- !u!1 &4676065593851529324
GameObject:
  m_ObjectHideFlags: 0
  m_CorrespondingSourceObject: {fileID: 0}
  m_PrefabInstance: {fileID: 0}
  m_PrefabAsset: {fileID: 0}
  serializedVersion: 6
  m_Component:
  - component: {fileID: 4676065593851761676}
  m_Layer: 0
  m_Name: mixamorig:LeftHandRing4
  m_TagString: Untagged
  m_Icon: {fileID: 0}
  m_NavMeshLayer: 0
  m_StaticEditorFlags: 0
  m_IsActive: 1
--- !u!4 &4676065593851761676
Transform:
  m_ObjectHideFlags: 0
  m_CorrespondingSourceObject: {fileID: 0}
  m_PrefabInstance: {fileID: 0}
  m_PrefabAsset: {fileID: 0}
  m_GameObject: {fileID: 4676065593851529324}
  m_LocalRotation: {x: 0, y: -0, z: -0, w: 1}
  m_LocalPosition: {x: 0.00019558262, y: 0.030887948, z: 4.98753e-10}
  m_LocalScale: {x: 1, y: 1, z: 1}
  m_Children: []
  m_Father: {fileID: 4676065593851761682}
  m_RootOrder: 0
  m_LocalEulerAnglesHint: {x: 0, y: 0, z: 0}
--- !u!1 &4676065593851529326
GameObject:
  m_ObjectHideFlags: 0
  m_CorrespondingSourceObject: {fileID: 0}
  m_PrefabInstance: {fileID: 0}
  m_PrefabAsset: {fileID: 0}
  serializedVersion: 6
  m_Component:
  - component: {fileID: 4676065593851761678}
  m_Layer: 0
  m_Name: mixamorig:LeftHandThumb1
  m_TagString: Untagged
  m_Icon: {fileID: 0}
  m_NavMeshLayer: 0
  m_StaticEditorFlags: 0
  m_IsActive: 1
--- !u!4 &4676065593851761678
Transform:
  m_ObjectHideFlags: 0
  m_CorrespondingSourceObject: {fileID: 0}
  m_PrefabInstance: {fileID: 0}
  m_PrefabAsset: {fileID: 0}
  m_GameObject: {fileID: 4676065593851529326}
  m_LocalRotation: {x: 0.19836308, y: -0.062240314, z: -0.25777313, w: 0.94357365}
  m_LocalPosition: {x: 0.03167951, y: 0.040644076, z: 0.020980544}
  m_LocalScale: {x: 1, y: 1, z: 1}
  m_Children:
  - {fileID: 4676065593851761672}
  m_Father: {fileID: 4676065593851761708}
  m_RootOrder: 4
  m_LocalEulerAnglesHint: {x: 3.7660701, y: -21.815207, z: -28.548935}
--- !u!1 &4676065593851529328
GameObject:
  m_ObjectHideFlags: 0
  m_CorrespondingSourceObject: {fileID: 0}
  m_PrefabInstance: {fileID: 0}
  m_PrefabAsset: {fileID: 0}
  serializedVersion: 6
  m_Component:
  - component: {fileID: 4676065593851761680}
  m_Layer: 0
  m_Name: mixamorig:LeftHandRing2
  m_TagString: Untagged
  m_Icon: {fileID: 0}
  m_NavMeshLayer: 0
  m_StaticEditorFlags: 0
  m_IsActive: 1
--- !u!4 &4676065593851761680
Transform:
  m_ObjectHideFlags: 0
  m_CorrespondingSourceObject: {fileID: 0}
  m_PrefabInstance: {fileID: 0}
  m_PrefabAsset: {fileID: 0}
  m_GameObject: {fileID: 4676065593851529328}
  m_LocalRotation: {x: -0.000000046476593, y: -0.00003470492, z: -0.0014305166, w: 0.999999}
  m_LocalPosition: {x: -0.000049336886, y: 0.038416732, z: -8.6827723e-10}
  m_LocalScale: {x: 1, y: 1, z: 1}
  m_Children:
  - {fileID: 4676065593851761682}
  m_Father: {fileID: 4676065593851761686}
  m_RootOrder: 0
  m_LocalEulerAnglesHint: {x: 30.855696, y: -1.4440023, z: 2.3154876}
--- !u!1 &4676065593851529330
GameObject:
  m_ObjectHideFlags: 0
  m_CorrespondingSourceObject: {fileID: 0}
  m_PrefabInstance: {fileID: 0}
  m_PrefabAsset: {fileID: 0}
  serializedVersion: 6
  m_Component:
  - component: {fileID: 4676065593851761682}
  m_Layer: 0
  m_Name: mixamorig:LeftHandRing3
  m_TagString: Untagged
  m_Icon: {fileID: 0}
  m_NavMeshLayer: 0
  m_StaticEditorFlags: 0
  m_IsActive: 1
--- !u!4 &4676065593851761682
Transform:
  m_ObjectHideFlags: 0
  m_CorrespondingSourceObject: {fileID: 0}
  m_PrefabInstance: {fileID: 0}
  m_PrefabAsset: {fileID: 0}
  m_GameObject: {fileID: 4676065593851529330}
  m_LocalRotation: {x: -0.000000048890616, y: -0.000049958602, z: 0.005240921, w: 0.9999863}
  m_LocalPosition: {x: -0.00014624557, y: 0.03529676, z: 1.6177551e-10}
  m_LocalScale: {x: 1, y: 1, z: 1}
  m_Children:
  - {fileID: 4676065593851761676}
  m_Father: {fileID: 4676065593851761680}
  m_RootOrder: 0
  m_LocalEulerAnglesHint: {x: 16.940264, y: -1.0350138, z: 2.4598706}
--- !u!1 &4676065593851529332
GameObject:
  m_ObjectHideFlags: 0
  m_CorrespondingSourceObject: {fileID: 0}
  m_PrefabInstance: {fileID: 0}
  m_PrefabAsset: {fileID: 0}
  serializedVersion: 6
  m_Component:
  - component: {fileID: 4676065593851761684}
  m_Layer: 0
  m_Name: mixamorig:LeftHandPinky4
  m_TagString: Untagged
  m_Icon: {fileID: 0}
  m_NavMeshLayer: 0
  m_StaticEditorFlags: 0
  m_IsActive: 1
--- !u!4 &4676065593851761684
Transform:
  m_ObjectHideFlags: 0
  m_CorrespondingSourceObject: {fileID: 0}
  m_PrefabInstance: {fileID: 0}
  m_PrefabAsset: {fileID: 0}
  m_GameObject: {fileID: 4676065593851529332}
  m_LocalRotation: {x: 0, y: -0, z: -0, w: 1}
  m_LocalPosition: {x: -0.00018075631, y: 0.025718553, z: -4.4929463e-10}
  m_LocalScale: {x: 1, y: 1, z: 1}
  m_Children: []
  m_Father: {fileID: 4676065593851761690}
  m_RootOrder: 0
  m_LocalEulerAnglesHint: {x: 0, y: 0, z: 0}
--- !u!1 &4676065593851529334
GameObject:
  m_ObjectHideFlags: 0
  m_CorrespondingSourceObject: {fileID: 0}
  m_PrefabInstance: {fileID: 0}
  m_PrefabAsset: {fileID: 0}
  serializedVersion: 6
  m_Component:
  - component: {fileID: 4676065593851761686}
  m_Layer: 0
  m_Name: mixamorig:LeftHandRing1
  m_TagString: Untagged
  m_Icon: {fileID: 0}
  m_NavMeshLayer: 0
  m_StaticEditorFlags: 0
  m_IsActive: 1
--- !u!4 &4676065593851761686
Transform:
  m_ObjectHideFlags: 0
  m_CorrespondingSourceObject: {fileID: 0}
  m_PrefabInstance: {fileID: 0}
  m_PrefabAsset: {fileID: 0}
  m_GameObject: {fileID: 4676065593851529334}
  m_LocalRotation: {x: -0.01420596, y: 0.0001749017, z: -0.04747197, w: 0.99877155}
  m_LocalPosition: {x: -0.01158478, y: 0.1283264, z: -0.0027135399}
  m_LocalScale: {x: 1, y: 1, z: 1}
  m_Children:
  - {fileID: 4676065593851761680}
  m_Father: {fileID: 4676065593851761708}
  m_RootOrder: 3
  m_LocalEulerAnglesHint: {x: 11.317785, y: 5.245284, z: 13.423681}
--- !u!1 &4676065593851529336
GameObject:
  m_ObjectHideFlags: 0
  m_CorrespondingSourceObject: {fileID: 0}
  m_PrefabInstance: {fileID: 0}
  m_PrefabAsset: {fileID: 0}
  serializedVersion: 6
  m_Component:
  - component: {fileID: 4676065593851761688}
  m_Layer: 0
  m_Name: mixamorig:LeftHandPinky2
  m_TagString: Untagged
  m_Icon: {fileID: 0}
  m_NavMeshLayer: 0
  m_StaticEditorFlags: 0
  m_IsActive: 1
--- !u!4 &4676065593851761688
Transform:
  m_ObjectHideFlags: 0
  m_CorrespondingSourceObject: {fileID: 0}
  m_PrefabInstance: {fileID: 0}
  m_PrefabAsset: {fileID: 0}
  m_GameObject: {fileID: 4676065593851529336}
  m_LocalRotation: {x: -0.00000009567126, y: 0.000025706278, z: -0.0011429229, w: 0.99999934}
  m_LocalPosition: {x: 0.00013747661, y: 0.0366566, z: 3.7886422e-10}
  m_LocalScale: {x: 1, y: 1, z: 1}
  m_Children:
  - {fileID: 4676065593851761690}
  m_Father: {fileID: 4676065593851761694}
  m_RootOrder: 0
  m_LocalEulerAnglesHint: {x: 33.148987, y: -7.7156305, z: 0.70113015}
--- !u!1 &4676065593851529338
GameObject:
  m_ObjectHideFlags: 0
  m_CorrespondingSourceObject: {fileID: 0}
  m_PrefabInstance: {fileID: 0}
  m_PrefabAsset: {fileID: 0}
  serializedVersion: 6
  m_Component:
  - component: {fileID: 4676065593851761690}
  m_Layer: 0
  m_Name: mixamorig:LeftHandPinky3
  m_TagString: Untagged
  m_Icon: {fileID: 0}
  m_NavMeshLayer: 0
  m_StaticEditorFlags: 0
  m_IsActive: 1
--- !u!4 &4676065593851761690
Transform:
  m_ObjectHideFlags: 0
  m_CorrespondingSourceObject: {fileID: 0}
  m_PrefabInstance: {fileID: 0}
  m_PrefabAsset: {fileID: 0}
  m_GameObject: {fileID: 4676065593851529338}
  m_LocalRotation: {x: 0.0000003665498, y: -0.00010377002, z: -0.004244433, w: 0.999991}
  m_LocalPosition: {x: 0.000043277683, y: 0.029624207, z: 9.0032953e-10}
  m_LocalScale: {x: 1, y: 1, z: 1}
  m_Children:
  - {fileID: 4676065593851761684}
  m_Father: {fileID: 4676065593851761688}
  m_RootOrder: 0
  m_LocalEulerAnglesHint: {x: 16.37346, y: -4.640065, z: 1.1384281}
--- !u!1 &4676065593851529340
GameObject:
  m_ObjectHideFlags: 0
  m_CorrespondingSourceObject: {fileID: 0}
  m_PrefabInstance: {fileID: 0}
  m_PrefabAsset: {fileID: 0}
  serializedVersion: 6
  m_Component:
  - component: {fileID: 4676065593851761692}
  m_Layer: 0
  m_Name: mixamorig:LeftHandMiddle4
  m_TagString: Untagged
  m_Icon: {fileID: 0}
  m_NavMeshLayer: 0
  m_StaticEditorFlags: 0
  m_IsActive: 1
--- !u!4 &4676065593851761692
Transform:
  m_ObjectHideFlags: 0
  m_CorrespondingSourceObject: {fileID: 0}
  m_PrefabInstance: {fileID: 0}
  m_PrefabAsset: {fileID: 0}
  m_GameObject: {fileID: 4676065593851529340}
  m_LocalRotation: {x: 0, y: -0, z: -0, w: 1}
  m_LocalPosition: {x: 0.00036161818, y: 0.037616625, z: 1.7523234e-10}
  m_LocalScale: {x: 1, y: 1, z: 1}
  m_Children: []
  m_Father: {fileID: 4676065593851761698}
  m_RootOrder: 0
  m_LocalEulerAnglesHint: {x: 0, y: 0, z: 0}
--- !u!1 &4676065593851529342
GameObject:
  m_ObjectHideFlags: 0
  m_CorrespondingSourceObject: {fileID: 0}
  m_PrefabInstance: {fileID: 0}
  m_PrefabAsset: {fileID: 0}
  serializedVersion: 6
  m_Component:
  - component: {fileID: 4676065593851761694}
  m_Layer: 0
  m_Name: mixamorig:LeftHandPinky1
  m_TagString: Untagged
  m_Icon: {fileID: 0}
  m_NavMeshLayer: 0
  m_StaticEditorFlags: 0
  m_IsActive: 1
--- !u!4 &4676065593851761694
Transform:
  m_ObjectHideFlags: 0
  m_CorrespondingSourceObject: {fileID: 0}
  m_PrefabInstance: {fileID: 0}
  m_PrefabAsset: {fileID: 0}
  m_GameObject: {fileID: 4676065593851529342}
  m_LocalRotation: {x: -0.014375662, y: -0.0032844606, z: -0.044918716, w: 0.9988818}
  m_LocalPosition: {x: -0.038362805, y: 0.115960196, z: 0.0035818208}
  m_LocalScale: {x: 1, y: 1, z: 1}
  m_Children:
  - {fileID: 4676065593851761688}
  m_Father: {fileID: 4676065593851761708}
  m_RootOrder: 2
  m_LocalEulerAnglesHint: {x: 23.268639, y: 8.977232, z: 17.26458}
--- !u!1 &4676065593851529624
GameObject:
  m_ObjectHideFlags: 0
  m_CorrespondingSourceObject: {fileID: 0}
  m_PrefabInstance: {fileID: 0}
  m_PrefabAsset: {fileID: 0}
  serializedVersion: 6
  m_Component:
  - component: {fileID: 4676065593851762104}
  m_Layer: 0
  m_Name: mixamorig:Spine2
  m_TagString: Untagged
  m_Icon: {fileID: 0}
  m_NavMeshLayer: 0
  m_StaticEditorFlags: 0
  m_IsActive: 1
--- !u!4 &4676065593851762104
Transform:
  m_ObjectHideFlags: 0
  m_CorrespondingSourceObject: {fileID: 0}
  m_PrefabInstance: {fileID: 0}
  m_PrefabAsset: {fileID: 0}
  m_GameObject: {fileID: 4676065593851529624}
  m_LocalRotation: {x: 0, y: -4.8467614e-27, z: 3.3523433e-26, w: 1}
  m_LocalPosition: {x: -0, y: 0.15018843, z: -5.328587e-10}
  m_LocalScale: {x: 1, y: 1, z: 1}
  m_Children:
  - {fileID: 4676065593851761664}
  - {fileID: 4676065593851761784}
  - {fileID: 4676065593851761732}
  m_Father: {fileID: 4676065593851762110}
  m_RootOrder: 0
  m_LocalEulerAnglesHint: {x: -3.758078, y: -0.7838541, z: -0.59190166}
--- !u!1 &4676065593851529628
GameObject:
  m_ObjectHideFlags: 0
  m_CorrespondingSourceObject: {fileID: 0}
  m_PrefabInstance: {fileID: 0}
  m_PrefabAsset: {fileID: 0}
  serializedVersion: 6
  m_Component:
  - component: {fileID: 4676065593851762108}
  m_Layer: 0
  m_Name: mixamorig:Spine
  m_TagString: Untagged
  m_Icon: {fileID: 0}
  m_NavMeshLayer: 0
  m_StaticEditorFlags: 0
  m_IsActive: 1
--- !u!4 &4676065593851762108
Transform:
  m_ObjectHideFlags: 0
  m_CorrespondingSourceObject: {fileID: 0}
  m_PrefabInstance: {fileID: 0}
  m_PrefabAsset: {fileID: 0}
  m_GameObject: {fileID: 4676065593851529628}
  m_LocalRotation: {x: -0.09530629, y: -0.00057700404, z: 0.006057997, w: 0.99542946}
  m_LocalPosition: {x: -0, y: 0.11033371, z: -0.022683872}
  m_LocalScale: {x: 1, y: 1, z: 1}
  m_Children:
  - {fileID: 4676065593851762110}
  m_Father: {fileID: 4676065593851761716}
  m_RootOrder: 2
  m_LocalEulerAnglesHint: {x: -6.6901956, y: 0.66485626, z: -3.312755}
--- !u!1 &4676065593851529630
GameObject:
  m_ObjectHideFlags: 0
  m_CorrespondingSourceObject: {fileID: 0}
  m_PrefabInstance: {fileID: 0}
  m_PrefabAsset: {fileID: 0}
  serializedVersion: 6
  m_Component:
  - component: {fileID: 4676065593851762110}
  m_Layer: 0
  m_Name: mixamorig:Spine1
  m_TagString: Untagged
  m_Icon: {fileID: 0}
  m_NavMeshLayer: 0
  m_StaticEditorFlags: 0
  m_IsActive: 1
--- !u!4 &4676065593851762110
Transform:
  m_ObjectHideFlags: 0
  m_CorrespondingSourceObject: {fileID: 0}
  m_PrefabInstance: {fileID: 0}
  m_PrefabAsset: {fileID: 0}
  m_GameObject: {fileID: 4676065593851529630}
  m_LocalRotation: {x: 1.1814251e-25, y: -1.7912282e-13, z: 6.595615e-13, w: 1}
  m_LocalPosition: {x: -0, y: 0.13141485, z: 5.678802e-10}
  m_LocalScale: {x: 1, y: 1, z: 1}
  m_Children:
  - {fileID: 4676065593851762104}
  m_Father: {fileID: 4676065593851762108}
  m_RootOrder: 0
  m_LocalEulerAnglesHint: {x: -3.6923048, y: -0.67055434, z: -0.42343795}
--- !u!1 &4676065593851529632
GameObject:
  m_ObjectHideFlags: 0
  m_CorrespondingSourceObject: {fileID: 0}
  m_PrefabInstance: {fileID: 0}
  m_PrefabAsset: {fileID: 0}
  serializedVersion: 6
  m_Component:
  - component: {fileID: 4676065593851761728}
  m_Layer: 0
  m_Name: mixamorig:RightToeBase
  m_TagString: Untagged
  m_Icon: {fileID: 0}
  m_NavMeshLayer: 0
  m_StaticEditorFlags: 0
  m_IsActive: 1
--- !u!4 &4676065593851761728
Transform:
  m_ObjectHideFlags: 0
  m_CorrespondingSourceObject: {fileID: 0}
  m_PrefabInstance: {fileID: 0}
  m_PrefabAsset: {fileID: 0}
  m_GameObject: {fileID: 4676065593851529632}
  m_LocalRotation: {x: 0.24944416, y: -0.07195147, z: 0.018588552, w: 0.9655336}
  m_LocalPosition: {x: 4.0596035e-10, y: 0.21031557, z: 0.000000008666703}
  m_LocalScale: {x: 1, y: 1, z: 1}
  m_Children:
  - {fileID: 4676065593851761734}
  m_Father: {fileID: 4676065593851761780}
  m_RootOrder: 0
  m_LocalEulerAnglesHint: {x: 59.29953, y: -16.486605, z: -9.156081}
--- !u!1 &4676065593851529634
GameObject:
  m_ObjectHideFlags: 0
  m_CorrespondingSourceObject: {fileID: 0}
  m_PrefabInstance: {fileID: 0}
  m_PrefabAsset: {fileID: 0}
  serializedVersion: 6
  m_Component:
  - component: {fileID: 4676065593851761730}
  m_Layer: 0
  m_Name: mixamorig:RightUpLeg
  m_TagString: Untagged
  m_Icon: {fileID: 0}
  m_NavMeshLayer: 0
  m_StaticEditorFlags: 0
  m_IsActive: 1
--- !u!4 &4676065593851761730
Transform:
  m_ObjectHideFlags: 0
  m_CorrespondingSourceObject: {fileID: 0}
  m_PrefabInstance: {fileID: 0}
  m_PrefabAsset: {fileID: 0}
  m_GameObject: {fileID: 4676065593851529634}
  m_LocalRotation: {x: -0.0013266492, y: 0.040009577, z: 0.9990174, w: -0.019019632}
  m_LocalPosition: {x: 0.08968528, y: -0.061296463, z: -0.04827375}
  m_LocalScale: {x: 1, y: 1, z: 1}
  m_Children:
  - {fileID: 4676065593851761738}
  m_Father: {fileID: 4676065593851761716}
  m_RootOrder: 1
  m_LocalEulerAnglesHint: {x: -11.363053, y: 4.717646, z: 174.35149}
--- !u!1 &4676065593851529636
GameObject:
  m_ObjectHideFlags: 0
  m_CorrespondingSourceObject: {fileID: 0}
  m_PrefabInstance: {fileID: 0}
  m_PrefabAsset: {fileID: 0}
  serializedVersion: 6
  m_Component:
  - component: {fileID: 4676065593851761732}
  m_Layer: 0
  m_Name: mixamorig:RightShoulder
  m_TagString: Untagged
  m_Icon: {fileID: 0}
  m_NavMeshLayer: 0
  m_StaticEditorFlags: 0
  m_IsActive: 1
--- !u!4 &4676065593851761732
Transform:
  m_ObjectHideFlags: 0
  m_CorrespondingSourceObject: {fileID: 0}
  m_PrefabInstance: {fileID: 0}
  m_PrefabAsset: {fileID: 0}
  m_GameObject: {fileID: 4676065593851529636}
  m_LocalRotation: {x: -0.52925897, y: -0.46535262, z: 0.5489292, w: -0.44945368}
  m_LocalPosition: {x: 0.07522623, y: 0.15555607, z: -0.0028865521}
  m_LocalScale: {x: 1, y: 1, z: 1}
  m_Children:
  - {fileID: 4676065593851761786}
  m_Father: {fileID: 4676065593851762104}
  m_RootOrder: 2
  m_LocalEulerAnglesHint: {x: 76.73892, y: -101.2274, z: 164.62572}
--- !u!1 &4676065593851529638
GameObject:
  m_ObjectHideFlags: 0
  m_CorrespondingSourceObject: {fileID: 0}
  m_PrefabInstance: {fileID: 0}
  m_PrefabAsset: {fileID: 0}
  serializedVersion: 6
  m_Component:
  - component: {fileID: 4676065593851761734}
  m_Layer: 0
  m_Name: mixamorig:RightToe_End
  m_TagString: Untagged
  m_Icon: {fileID: 0}
  m_NavMeshLayer: 0
  m_StaticEditorFlags: 0
  m_IsActive: 1
--- !u!4 &4676065593851761734
Transform:
  m_ObjectHideFlags: 0
  m_CorrespondingSourceObject: {fileID: 0}
  m_PrefabInstance: {fileID: 0}
  m_PrefabAsset: {fileID: 0}
  m_GameObject: {fileID: 4676065593851529638}
  m_LocalRotation: {x: 0, y: -0, z: -0, w: 1}
  m_LocalPosition: {x: 9.649845e-11, y: 0.08681486, z: 1.3910464e-11}
  m_LocalScale: {x: 1, y: 1, z: 1}
  m_Children: []
  m_Father: {fileID: 4676065593851761728}
  m_RootOrder: 0
  m_LocalEulerAnglesHint: {x: 0, y: 0, z: 0}
--- !u!1 &4676065593851529640
GameObject:
  m_ObjectHideFlags: 0
  m_CorrespondingSourceObject: {fileID: 0}
  m_PrefabInstance: {fileID: 0}
  m_PrefabAsset: {fileID: 0}
  serializedVersion: 6
  m_Component:
  - component: {fileID: 4676065593851761736}
  m_Layer: 0
  m_Name: mixamorig:RightHandThumb4
  m_TagString: Untagged
  m_Icon: {fileID: 0}
  m_NavMeshLayer: 0
  m_StaticEditorFlags: 0
  m_IsActive: 1
--- !u!4 &4676065593851761736
Transform:
  m_ObjectHideFlags: 0
  m_CorrespondingSourceObject: {fileID: 0}
  m_PrefabInstance: {fileID: 0}
  m_PrefabAsset: {fileID: 0}
  m_GameObject: {fileID: 4676065593851529640}
  m_LocalRotation: {x: 0, y: -0, z: -0, w: 1}
  m_LocalPosition: {x: 0.0020404423, y: 0.03299342, z: -4.2297954e-10}
  m_LocalScale: {x: 1, y: 1, z: 1}
  m_Children: []
  m_Father: {fileID: 4676065593851761742}
  m_RootOrder: 0
  m_LocalEulerAnglesHint: {x: 0, y: 0, z: 0}
--- !u!1 &4676065593851529642
GameObject:
  m_ObjectHideFlags: 0
  m_CorrespondingSourceObject: {fileID: 0}
  m_PrefabInstance: {fileID: 0}
  m_PrefabAsset: {fileID: 0}
  serializedVersion: 6
  m_Component:
  - component: {fileID: 4676065593851761738}
  m_Layer: 0
  m_Name: mixamorig:RightLeg
  m_TagString: Untagged
  m_Icon: {fileID: 0}
  m_NavMeshLayer: 0
  m_StaticEditorFlags: 0
  m_IsActive: 1
--- !u!4 &4676065593851761738
Transform:
  m_ObjectHideFlags: 0
  m_CorrespondingSourceObject: {fileID: 0}
  m_PrefabInstance: {fileID: 0}
  m_PrefabAsset: {fileID: 0}
  m_GameObject: {fileID: 4676065593851529642}
  m_LocalRotation: {x: -0.04923434, y: 0.0012448422, z: 0.008972379, w: 0.9987462}
  m_LocalPosition: {x: 5.8619773e-16, y: 0.6196305, z: -1.8093425e-10}
  m_LocalScale: {x: 1, y: 1, z: 1}
  m_Children:
  - {fileID: 4676065593851761780}
  m_Father: {fileID: 4676065593851761730}
  m_RootOrder: 0
  m_LocalEulerAnglesHint: {x: -27.49126, y: 6.791548, z: -1.5121804}
--- !u!1 &4676065593851529644
GameObject:
  m_ObjectHideFlags: 0
  m_CorrespondingSourceObject: {fileID: 0}
  m_PrefabInstance: {fileID: 0}
  m_PrefabAsset: {fileID: 0}
  serializedVersion: 6
  m_Component:
  - component: {fileID: 4676065593851761740}
  m_Layer: 0
  m_Name: mixamorig:RightHandThumb2
  m_TagString: Untagged
  m_Icon: {fileID: 0}
  m_NavMeshLayer: 0
  m_StaticEditorFlags: 0
  m_IsActive: 1
--- !u!4 &4676065593851761740
Transform:
  m_ObjectHideFlags: 0
  m_CorrespondingSourceObject: {fileID: 0}
  m_PrefabInstance: {fileID: 0}
  m_PrefabAsset: {fileID: 0}
  m_GameObject: {fileID: 4676065593851529644}
  m_LocalRotation: {x: 0.000013424383, y: -0.0006591009, z: 0.07137696, w: 0.9974492}
  m_LocalPosition: {x: -0.0041166157, y: 0.044744954, z: 1.9930638e-10}
  m_LocalScale: {x: 1, y: 1, z: 1}
  m_Children:
  - {fileID: 4676065593851761742}
  m_Father: {fileID: 4676065593851761746}
  m_RootOrder: 0
  m_LocalEulerAnglesHint: {x: 1.9406233, y: -20.722382, z: -16.853388}
--- !u!1 &4676065593851529646
GameObject:
  m_ObjectHideFlags: 0
  m_CorrespondingSourceObject: {fileID: 0}
  m_PrefabInstance: {fileID: 0}
  m_PrefabAsset: {fileID: 0}
  serializedVersion: 6
  m_Component:
  - component: {fileID: 4676065593851761742}
  m_Layer: 0
  m_Name: mixamorig:RightHandThumb3
  m_TagString: Untagged
  m_Icon: {fileID: 0}
  m_NavMeshLayer: 0
  m_StaticEditorFlags: 0
  m_IsActive: 1
--- !u!4 &4676065593851761742
Transform:
  m_ObjectHideFlags: 0
  m_CorrespondingSourceObject: {fileID: 0}
  m_PrefabInstance: {fileID: 0}
  m_PrefabAsset: {fileID: 0}
  m_GameObject: {fileID: 4676065593851529646}
  m_LocalRotation: {x: -0.00020819283, y: -0.0036894844, z: 0.0053143813, w: 0.9999791}
  m_LocalPosition: {x: 0.0020761737, y: 0.040571593, z: 7.947332e-10}
  m_LocalScale: {x: 1, y: 1, z: 1}
  m_Children:
  - {fileID: 4676065593851761736}
  m_Father: {fileID: 4676065593851761740}
  m_RootOrder: 0
  m_LocalEulerAnglesHint: {x: -1.3262002, y: -8.476746, z: 0.6690975}
--- !u!1 &4676065593851529648
GameObject:
  m_ObjectHideFlags: 0
  m_CorrespondingSourceObject: {fileID: 0}
  m_PrefabInstance: {fileID: 0}
  m_PrefabAsset: {fileID: 0}
  serializedVersion: 6
  m_Component:
  - component: {fileID: 4676065593851761744}
  m_Layer: 0
  m_Name: mixamorig:RightHandRing4
  m_TagString: Untagged
  m_Icon: {fileID: 0}
  m_NavMeshLayer: 0
  m_StaticEditorFlags: 0
  m_IsActive: 1
--- !u!4 &4676065593851761744
Transform:
  m_ObjectHideFlags: 0
  m_CorrespondingSourceObject: {fileID: 0}
  m_PrefabInstance: {fileID: 0}
  m_PrefabAsset: {fileID: 0}
  m_GameObject: {fileID: 4676065593851529648}
  m_LocalRotation: {x: 0, y: -0, z: -0, w: 1}
  m_LocalPosition: {x: 0.00042681023, y: 0.03265033, z: -8.2678325e-10}
  m_LocalScale: {x: 1, y: 1, z: 1}
  m_Children: []
  m_Father: {fileID: 4676065593851761750}
  m_RootOrder: 0
  m_LocalEulerAnglesHint: {x: 0, y: 0, z: 0}
--- !u!1 &4676065593851529650
GameObject:
  m_ObjectHideFlags: 0
  m_CorrespondingSourceObject: {fileID: 0}
  m_PrefabInstance: {fileID: 0}
  m_PrefabAsset: {fileID: 0}
  serializedVersion: 6
  m_Component:
  - component: {fileID: 4676065593851761746}
  m_Layer: 0
  m_Name: mixamorig:RightHandThumb1
  m_TagString: Untagged
  m_Icon: {fileID: 0}
  m_NavMeshLayer: 0
  m_StaticEditorFlags: 0
  m_IsActive: 1
--- !u!4 &4676065593851761746
Transform:
  m_ObjectHideFlags: 0
  m_CorrespondingSourceObject: {fileID: 0}
  m_PrefabInstance: {fileID: 0}
  m_PrefabAsset: {fileID: 0}
  m_GameObject: {fileID: 4676065593851529650}
  m_LocalRotation: {x: 0.20655818, y: 0.064384274, z: 0.25372425, w: 0.9427685}
  m_LocalPosition: {x: -0.031751342, y: 0.041567255, z: 0.02046457}
  m_LocalScale: {x: 1, y: 1, z: 1}
  m_Children:
  - {fileID: 4676065593851761740}
  m_Father: {fileID: 4676065593851761776}
  m_RootOrder: 4
  m_LocalEulerAnglesHint: {x: 3.6493187, y: 26.893454, z: 24.919977}
--- !u!1 &4676065593851529652
GameObject:
  m_ObjectHideFlags: 0
  m_CorrespondingSourceObject: {fileID: 0}
  m_PrefabInstance: {fileID: 0}
  m_PrefabAsset: {fileID: 0}
  serializedVersion: 6
  m_Component:
  - component: {fileID: 4676065593851761748}
  m_Layer: 0
  m_Name: mixamorig:RightHandRing2
  m_TagString: Untagged
  m_Icon: {fileID: 0}
  m_NavMeshLayer: 0
  m_StaticEditorFlags: 0
  m_IsActive: 1
--- !u!4 &4676065593851761748
Transform:
  m_ObjectHideFlags: 0
  m_CorrespondingSourceObject: {fileID: 0}
  m_PrefabInstance: {fileID: 0}
  m_PrefabAsset: {fileID: 0}
  m_GameObject: {fileID: 4676065593851529652}
  m_LocalRotation: {x: 0.0000011713493, y: -0.00015791427, z: 0.0027931184, w: 0.9999961}
  m_LocalPosition: {x: -0.0003209961, y: 0.03770663, z: 8.613483e-11}
  m_LocalScale: {x: 1, y: 1, z: 1}
  m_Children:
  - {fileID: 4676065593851761750}
  m_Father: {fileID: 4676065593851761754}
  m_RootOrder: 0
  m_LocalEulerAnglesHint: {x: 33.0903, y: 2.0364413, z: -3.171391}
--- !u!1 &4676065593851529654
GameObject:
  m_ObjectHideFlags: 0
  m_CorrespondingSourceObject: {fileID: 0}
  m_PrefabInstance: {fileID: 0}
  m_PrefabAsset: {fileID: 0}
  serializedVersion: 6
  m_Component:
  - component: {fileID: 4676065593851761750}
  m_Layer: 0
  m_Name: mixamorig:RightHandRing3
  m_TagString: Untagged
  m_Icon: {fileID: 0}
  m_NavMeshLayer: 0
  m_StaticEditorFlags: 0
  m_IsActive: 1
--- !u!4 &4676065593851761750
Transform:
  m_ObjectHideFlags: 0
  m_CorrespondingSourceObject: {fileID: 0}
  m_PrefabInstance: {fileID: 0}
  m_PrefabAsset: {fileID: 0}
  m_GameObject: {fileID: 4676065593851529654}
  m_LocalRotation: {x: 0.000002066649, y: 0.00039730707, z: 0.008001876, w: 0.99996793}
  m_LocalPosition: {x: -0.000105813924, y: 0.036219586, z: 3.9097386e-10}
  m_LocalScale: {x: 1, y: 1, z: 1}
  m_Children:
  - {fileID: 4676065593851761744}
  m_Father: {fileID: 4676065593851761748}
  m_RootOrder: 0
  m_LocalEulerAnglesHint: {x: 13.528401, y: 1.3613148, z: -1.9104937}
--- !u!1 &4676065593851529656
GameObject:
  m_ObjectHideFlags: 0
  m_CorrespondingSourceObject: {fileID: 0}
  m_PrefabInstance: {fileID: 0}
  m_PrefabAsset: {fileID: 0}
  serializedVersion: 6
  m_Component:
  - component: {fileID: 4676065593851761752}
  m_Layer: 0
  m_Name: mixamorig:RightHandPinky4
  m_TagString: Untagged
  m_Icon: {fileID: 0}
  m_NavMeshLayer: 0
  m_StaticEditorFlags: 0
  m_IsActive: 1
--- !u!4 &4676065593851761752
Transform:
  m_ObjectHideFlags: 0
  m_CorrespondingSourceObject: {fileID: 0}
  m_PrefabInstance: {fileID: 0}
  m_PrefabAsset: {fileID: 0}
  m_GameObject: {fileID: 4676065593851529656}
  m_LocalRotation: {x: 0, y: -0, z: -0, w: 1}
  m_LocalPosition: {x: 0.00018528804, y: 0.026914839, z: 2.296602e-10}
  m_LocalScale: {x: 1, y: 1, z: 1}
  m_Children: []
  m_Father: {fileID: 4676065593851761758}
  m_RootOrder: 0
  m_LocalEulerAnglesHint: {x: 0, y: 0, z: 0}
--- !u!1 &4676065593851529658
GameObject:
  m_ObjectHideFlags: 0
  m_CorrespondingSourceObject: {fileID: 0}
  m_PrefabInstance: {fileID: 0}
  m_PrefabAsset: {fileID: 0}
  serializedVersion: 6
  m_Component:
  - component: {fileID: 4676065593851761754}
  m_Layer: 0
  m_Name: mixamorig:RightHandRing1
  m_TagString: Untagged
  m_Icon: {fileID: 0}
  m_NavMeshLayer: 0
  m_StaticEditorFlags: 0
  m_IsActive: 1
--- !u!4 &4676065593851761754
Transform:
  m_ObjectHideFlags: 0
  m_CorrespondingSourceObject: {fileID: 0}
  m_PrefabInstance: {fileID: 0}
  m_PrefabAsset: {fileID: 0}
  m_GameObject: {fileID: 4676065593851529658}
  m_LocalRotation: {x: -0.007648545, y: 0.0017566457, z: 0.04088396, w: 0.9991331}
  m_LocalPosition: {x: 0.011349049, y: 0.12816763, z: -0.001744918}
  m_LocalScale: {x: 1, y: 1, z: 1}
  m_Children:
  - {fileID: 4676065593851761748}
  m_Father: {fileID: 4676065593851761776}
  m_RootOrder: 3
  m_LocalEulerAnglesHint: {x: 2.7961197, y: -6.2130513, z: -3.6595745}
--- !u!1 &4676065593851529660
GameObject:
  m_ObjectHideFlags: 0
  m_CorrespondingSourceObject: {fileID: 0}
  m_PrefabInstance: {fileID: 0}
  m_PrefabAsset: {fileID: 0}
  serializedVersion: 6
  m_Component:
  - component: {fileID: 4676065593851761756}
  m_Layer: 0
  m_Name: mixamorig:RightHandPinky2
  m_TagString: Untagged
  m_Icon: {fileID: 0}
  m_NavMeshLayer: 0
  m_StaticEditorFlags: 0
  m_IsActive: 1
--- !u!4 &4676065593851761756
Transform:
  m_ObjectHideFlags: 0
  m_CorrespondingSourceObject: {fileID: 0}
  m_PrefabInstance: {fileID: 0}
  m_PrefabAsset: {fileID: 0}
  m_GameObject: {fileID: 4676065593851529660}
  m_LocalRotation: {x: 0.00000019253203, y: -0.000013666461, z: 0.00050869776, w: 0.9999999}
  m_LocalPosition: {x: -0.000119266835, y: 0.036510017, z: 4.715619e-10}
  m_LocalScale: {x: 1, y: 1, z: 1}
  m_Children:
  - {fileID: 4676065593851761758}
  m_Father: {fileID: 4676065593851761762}
  m_RootOrder: 0
  m_LocalEulerAnglesHint: {x: 33.602108, y: 9.317471, z: -1.9027321}
--- !u!1 &4676065593851529662
GameObject:
  m_ObjectHideFlags: 0
  m_CorrespondingSourceObject: {fileID: 0}
  m_PrefabInstance: {fileID: 0}
  m_PrefabAsset: {fileID: 0}
  serializedVersion: 6
  m_Component:
  - component: {fileID: 4676065593851761758}
  m_Layer: 0
  m_Name: mixamorig:RightHandPinky3
  m_TagString: Untagged
  m_Icon: {fileID: 0}
  m_NavMeshLayer: 0
  m_StaticEditorFlags: 0
  m_IsActive: 1
--- !u!4 &4676065593851761758
Transform:
  m_ObjectHideFlags: 0
  m_CorrespondingSourceObject: {fileID: 0}
  m_PrefabInstance: {fileID: 0}
  m_PrefabAsset: {fileID: 0}
  m_GameObject: {fileID: 4676065593851529662}
  m_LocalRotation: {x: 0.00000026348604, y: 0.0001010611, z: 0.0045576217, w: 0.9999896}
  m_LocalPosition: {x: -0.00006602223, y: 0.029440122, z: 1.227292e-10}
  m_LocalScale: {x: 1, y: 1, z: 1}
  m_Children:
  - {fileID: 4676065593851761752}
  m_Father: {fileID: 4676065593851761756}
  m_RootOrder: 0
  m_LocalEulerAnglesHint: {x: 11.33308, y: 5.559417, z: -2.6308455}
