%YAML 1.1
%TAG !u! tag:unity3d.com,2011:
--- !u!114 &11400000
MonoBehaviour:
  m_ObjectHideFlags: 0
  m_CorrespondingSourceObject: {fileID: 0}
  m_PrefabInstance: {fileID: 0}
  m_PrefabAsset: {fileID: 0}
  m_GameObject: {fileID: 0}
  m_Enabled: 1
  m_EditorHideFlags: 0
  m_Script: {fileID: 11500000, guid: 425fa6be776d55647a40b145ebcdf567, type: 3}
  m_Name: Master
  m_EditorClassIdentifier: 
  nodes:
  - {fileID: 114430412482733466}
  - {fileID: 114934043950243750}
  - {fileID: 114371038731198566}
  - {fileID: 114138207504092626}
  - {fileID: 114531296776592802}
  - {fileID: 114742371572019998}
  - {fileID: 114697583899501082}
  - {fileID: 114766586065441730}
  - {fileID: 114611320676293904}
  - {fileID: 114522298335678458}
  - {fileID: 114381779303862374}
  - {fileID: 114656232389523842}
  - {fileID: 114623879279976072}
  - {fileID: 114442023723294002}
  - {fileID: 114568332141337992}
  - {fileID: 114664022262284708}
  - {fileID: 114252702810974986}
  - {fileID: 114506797946817802}
  - {fileID: 114901485212874332}
  - {fileID: 114127054133436188}
  - {fileID: 114871711969058924}
  - {fileID: 114684953741586810}
  - {fileID: 114725631949937200}
  - {fileID: 114395355747243678}
  - {fileID: 114508428850655996}
  - {fileID: 114361156517251230}
  - {fileID: 114237574813817104}
  - {fileID: 114358720718832216}
  Agent:
    Speaker: 1
    Data: {fileID: 0}
  Conversator:
    Speaker: 2
    Data: {fileID: 11400000, guid: 596267f39e13a774a983a24df5ae883e, type: 2}
--- !u!114 &114127054133436188
MonoBehaviour:
  m_ObjectHideFlags: 0
  m_CorrespondingSourceObject: {fileID: 0}
  m_PrefabInstance: {fileID: 0}
  m_PrefabAsset: {fileID: 0}
  m_GameObject: {fileID: 0}
  m_Enabled: 1
  m_EditorHideFlags: 0
  m_Script: {fileID: 11500000, guid: 4d7d47f9c7b6d744b80808cb7c47fcb0, type: 3}
  m_Name: Chat
  m_EditorClassIdentifier: 
  graph: {fileID: 11400000}
  position: {x: 680, y: 616}
  ports:
    keys:
    - Answers
    - input
    - output
    values:
    - _fieldName: Answers
      _node: {fileID: 114127054133436188}
      _typeQualifiedName: System.Collections.Generic.List`1[[System.String, mscorlib,
        Version=4.0.0.0, Culture=neutral, PublicKeyToken=b77a5c561934e089]], mscorlib,
        Version=4.0.0.0, Culture=neutral, PublicKeyToken=b77a5c561934e089
      connections: []
      _direction: 1
      _connectionType: 0
      _typeConstraint: 0
      _dynamic: 0
    - _fieldName: input
      _node: {fileID: 114127054133436188}
      _typeQualifiedName: DialogueBaseNode, Assembly-CSharp, Version=0.0.0.0, Culture=neutral,
        PublicKeyToken=null
      connections:
      - fieldName: fail
        node: {fileID: 114568332141337992}
        reroutePoints: []
      _direction: 0
      _connectionType: 0
      _typeConstraint: 1
      _dynamic: 0
    - _fieldName: output
      _node: {fileID: 114127054133436188}
      _typeQualifiedName: DialogueBaseNode, Assembly-CSharp, Version=0.0.0.0, Culture=neutral,
        PublicKeyToken=null
      connections:
      - fieldName: input
        node: {fileID: 114395355747243678}
        reroutePoints: []
      _direction: 1
      _connectionType: 0
      _typeConstraint: 0
      _dynamic: 0
  input: {fileID: 0}
  output: {fileID: 0}
  Speaker: 1
  Instant: 0
  Text: MASTER_INTRO12
  Answers: []
--- !u!114 &114138207504092626
MonoBehaviour:
  m_ObjectHideFlags: 0
  m_CorrespondingSourceObject: {fileID: 0}
  m_PrefabInstance: {fileID: 0}
  m_PrefabAsset: {fileID: 0}
  m_GameObject: {fileID: 0}
  m_Enabled: 1
  m_EditorHideFlags: 0
  m_Script: {fileID: 11500000, guid: 4d7d47f9c7b6d744b80808cb7c47fcb0, type: 3}
  m_Name: Chat
  m_EditorClassIdentifier: 
  graph: {fileID: 11400000}
  position: {x: 344, y: -200}
  ports:
    keys:
    - Answers
    - input
    - output
    values:
    - _fieldName: Answers
      _node: {fileID: 114138207504092626}
      _typeQualifiedName: System.Collections.Generic.List`1[[System.String, mscorlib,
        Version=4.0.0.0, Culture=neutral, PublicKeyToken=b77a5c561934e089]], mscorlib,
        Version=4.0.0.0, Culture=neutral, PublicKeyToken=b77a5c561934e089
      connections: []
      _direction: 1
      _connectionType: 0
      _typeConstraint: 0
      _dynamic: 0
    - _fieldName: input
      _node: {fileID: 114138207504092626}
      _typeQualifiedName: DialogueBaseNode, Assembly-CSharp, Version=0.0.0.0, Culture=neutral,
        PublicKeyToken=null
      connections:
      - fieldName: output
        node: {fileID: 114371038731198566}
        reroutePoints: []
      _direction: 0
      _connectionType: 0
      _typeConstraint: 1
      _dynamic: 0
    - _fieldName: output
      _node: {fileID: 114138207504092626}
      _typeQualifiedName: DialogueBaseNode, Assembly-CSharp, Version=0.0.0.0, Culture=neutral,
        PublicKeyToken=null
      connections:
      - fieldName: input
        node: {fileID: 114531296776592802}
        reroutePoints: []
      _direction: 1
      _connectionType: 0
      _typeConstraint: 0
      _dynamic: 0
  input: {fileID: 0}
  output: {fileID: 0}
  Speaker: 0
  Instant: 0
  Text: MASTER_INTRO02
  Answers: []
--- !u!114 &114237574813817104
MonoBehaviour:
  m_ObjectHideFlags: 0
  m_CorrespondingSourceObject: {fileID: 0}
  m_PrefabInstance: {fileID: 0}
  m_PrefabAsset: {fileID: 0}
  m_GameObject: {fileID: 0}
  m_Enabled: 1
  m_EditorHideFlags: 0
  m_Script: {fileID: 11500000, guid: 4d7d47f9c7b6d744b80808cb7c47fcb0, type: 3}
  m_Name: Chat
  m_EditorClassIdentifier: 
  graph: {fileID: 11400000}
  position: {x: 712, y: 72}
  ports:
    keys:
    - Answers
    - input
    - output
    values:
    - _fieldName: Answers
      _node: {fileID: 114237574813817104}
      _typeQualifiedName: System.Collections.Generic.List`1[[System.String, mscorlib,
        Version=4.0.0.0, Culture=neutral, PublicKeyToken=b77a5c561934e089]], mscorlib,
        Version=4.0.0.0, Culture=neutral, PublicKeyToken=b77a5c561934e089
      connections: []
      _direction: 1
      _connectionType: 0
      _typeConstraint: 0
      _dynamic: 0
    - _fieldName: input
      _node: {fileID: 114237574813817104}
      _typeQualifiedName: DialogueBaseNode, Assembly-CSharp, Version=0.0.0.0, Culture=neutral,
        PublicKeyToken=null
      connections:
      - fieldName: pass
        node: {fileID: 114442023723294002}
        reroutePoints: []
      _direction: 0
      _connectionType: 0
      _typeConstraint: 1
      _dynamic: 0
    - _fieldName: output
      _node: {fileID: 114237574813817104}
      _typeQualifiedName: DialogueBaseNode, Assembly-CSharp, Version=0.0.0.0, Culture=neutral,
        PublicKeyToken=null
      connections:
      - fieldName: input
        node: {fileID: 114871711969058924}
        reroutePoints: []
      _direction: 1
      _connectionType: 0
      _typeConstraint: 0
      _dynamic: 0
  input: {fileID: 0}
  output: {fileID: 0}
  Speaker: 1
  Instant: 0
  Text: MASTER_INTRO14
  Answers: []
--- !u!114 &114252702810974986
MonoBehaviour:
  m_ObjectHideFlags: 0
  m_CorrespondingSourceObject: {fileID: 0}
  m_PrefabInstance: {fileID: 0}
  m_PrefabAsset: {fileID: 0}
  m_GameObject: {fileID: 0}
  m_Enabled: 1
  m_EditorHideFlags: 0
  m_Script: {fileID: 11500000, guid: 4d7d47f9c7b6d744b80808cb7c47fcb0, type: 3}
  m_Name: Chat
  m_EditorClassIdentifier: 
  graph: {fileID: 11400000}
  position: {x: 760, y: 312}
  ports:
    keys:
    - Answers
    - input
    - output
    values:
    - _fieldName: Answers
      _node: {fileID: 114252702810974986}
      _typeQualifiedName: System.Collections.Generic.List`1[[System.String, mscorlib,
        Version=4.0.0.0, Culture=neutral, PublicKeyToken=b77a5c561934e089]], mscorlib,
        Version=4.0.0.0, Culture=neutral, PublicKeyToken=b77a5c561934e089
      connections: []
      _direction: 1
      _connectionType: 0
      _typeConstraint: 0
      _dynamic: 0
    - _fieldName: input
      _node: {fileID: 114252702810974986}
      _typeQualifiedName: DialogueBaseNode, Assembly-CSharp, Version=0.0.0.0, Culture=neutral,
        PublicKeyToken=null
      connections:
      - fieldName: fail
        node: {fileID: 114442023723294002}
        reroutePoints: []
      _direction: 0
      _connectionType: 0
      _typeConstraint: 1
      _dynamic: 0
    - _fieldName: output
      _node: {fileID: 114252702810974986}
      _typeQualifiedName: DialogueBaseNode, Assembly-CSharp, Version=0.0.0.0, Culture=neutral,
        PublicKeyToken=null
      connections:
      - fieldName: input
        node: {fileID: 114506797946817802}
        reroutePoints: []
      _direction: 1
      _connectionType: 0
      _typeConstraint: 0
      _dynamic: 0
  input: {fileID: 0}
  output: {fileID: 0}
  Speaker: 1
  Instant: 0
  Text: MASTER_INTRO10
  Answers: []
--- !u!114 &114358720718832216
MonoBehaviour:
  m_ObjectHideFlags: 0
  m_CorrespondingSourceObject: {fileID: 0}
  m_PrefabInstance: {fileID: 0}
  m_PrefabAsset: {fileID: 0}
  m_GameObject: {fileID: 0}
  m_Enabled: 1
  m_EditorHideFlags: 0
  m_Script: {fileID: 11500000, guid: 4d7d47f9c7b6d744b80808cb7c47fcb0, type: 3}
  m_Name: Chat
  m_EditorClassIdentifier: 
  graph: {fileID: 11400000}
  position: {x: 1384, y: -8}
  ports:
    keys:
    - Answers
    - input
    - output
    values:
    - _fieldName: Answers
      _node: {fileID: 114358720718832216}
      _typeQualifiedName: System.Collections.Generic.List`1[[System.String, mscorlib,
        Version=4.0.0.0, Culture=neutral, PublicKeyToken=b77a5c561934e089]], mscorlib,
        Version=4.0.0.0, Culture=neutral, PublicKeyToken=b77a5c561934e089
      connections: []
      _direction: 1
      _connectionType: 0
      _typeConstraint: 0
      _dynamic: 0
    - _fieldName: input
      _node: {fileID: 114358720718832216}
      _typeQualifiedName: DialogueBaseNode, Assembly-CSharp, Version=0.0.0.0, Culture=neutral,
        PublicKeyToken=null
      connections:
      - fieldName: pass
        node: {fileID: 114871711969058924}
        reroutePoints: []
      _direction: 0
      _connectionType: 0
      _typeConstraint: 1
      _dynamic: 0
    - _fieldName: output
      _node: {fileID: 114358720718832216}
      _typeQualifiedName: DialogueBaseNode, Assembly-CSharp, Version=0.0.0.0, Culture=neutral,
        PublicKeyToken=null
      connections:
      - fieldName: input
        node: {fileID: 114664022262284708}
        reroutePoints: []
      _direction: 1
      _connectionType: 0
      _typeConstraint: 0
      _dynamic: 0
  input: {fileID: 0}
  output: {fileID: 0}
  Speaker: 1
  Instant: 0
  Text: MASTER_INTRO13
  Answers: []
--- !u!114 &114361156517251230
MonoBehaviour:
  m_ObjectHideFlags: 0
  m_CorrespondingSourceObject: {fileID: 0}
  m_PrefabInstance: {fileID: 0}
  m_PrefabAsset: {fileID: 0}
  m_GameObject: {fileID: 0}
  m_Enabled: 1
  m_EditorHideFlags: 0
  m_Script: {fileID: 11500000, guid: 14634b91cb00a71418ba169f79387895, type: 3}
  m_Name: Close Dialogue
  m_EditorClassIdentifier: 
  graph: {fileID: 11400000}
  position: {x: 3424.1091, y: -97.33635}
  ports:
    keys:
    - input
    - output
    values:
    - _fieldName: input
      _node: {fileID: 114361156517251230}
      _typeQualifiedName: DialogueBaseNode, Assembly-CSharp, Version=0.0.0.0, Culture=neutral,
        PublicKeyToken=null
      connections:
      - fieldName: fail
        node: {fileID: 114508428850655996}
        reroutePoints: []
      _direction: 0
      _connectionType: 0
      _typeConstraint: 1
      _dynamic: 0
    - _fieldName: output
      _node: {fileID: 114361156517251230}
      _typeQualifiedName: DialogueBaseNode, Assembly-CSharp, Version=0.0.0.0, Culture=neutral,
        PublicKeyToken=null
      connections: []
      _direction: 1
      _connectionType: 0
      _typeConstraint: 0
      _dynamic: 0
  input: {fileID: 0}
  output: {fileID: 0}
--- !u!114 &114371038731198566
MonoBehaviour:
  m_ObjectHideFlags: 0
  m_CorrespondingSourceObject: {fileID: 0}
  m_PrefabInstance: {fileID: 0}
  m_PrefabAsset: {fileID: 0}
  m_GameObject: {fileID: 0}
  m_Enabled: 1
  m_EditorHideFlags: 0
  m_Script: {fileID: 11500000, guid: 4d7d47f9c7b6d744b80808cb7c47fcb0, type: 3}
  m_Name: Chat
  m_EditorClassIdentifier: 
  graph: {fileID: 11400000}
  position: {x: -56, y: -200}
  ports:
    keys:
    - Answers
    - input
    - output
    values:
    - _fieldName: Answers
      _node: {fileID: 114371038731198566}
      _typeQualifiedName: System.Collections.Generic.List`1[[System.String, mscorlib,
        Version=4.0.0.0, Culture=neutral, PublicKeyToken=b77a5c561934e089]], mscorlib,
        Version=4.0.0.0, Culture=neutral, PublicKeyToken=b77a5c561934e089
      connections: []
      _direction: 1
      _connectionType: 0
      _typeConstraint: 0
      _dynamic: 0
    - _fieldName: input
      _node: {fileID: 114371038731198566}
      _typeQualifiedName: DialogueBaseNode, Assembly-CSharp, Version=0.0.0.0, Culture=neutral,
        PublicKeyToken=null
      connections:
      - fieldName: Dialogue 0
        node: {fileID: 114934043950243750}
        reroutePoints: []
      _direction: 0
      _connectionType: 0
      _typeConstraint: 1
      _dynamic: 0
    - _fieldName: output
      _node: {fileID: 114371038731198566}
      _typeQualifiedName: DialogueBaseNode, Assembly-CSharp, Version=0.0.0.0, Culture=neutral,
        PublicKeyToken=null
      connections:
      - fieldName: input
        node: {fileID: 114138207504092626}
        reroutePoints: []
      _direction: 1
      _connectionType: 0
      _typeConstraint: 0
      _dynamic: 0
  input: {fileID: 0}
  output: {fileID: 0}
  Speaker: 1
  Instant: 0
  Text: MASTER_INTRO01
  Answers: []
--- !u!114 &114381779303862374
MonoBehaviour:
  m_ObjectHideFlags: 0
  m_CorrespondingSourceObject: {fileID: 0}
  m_PrefabInstance: {fileID: 0}
  m_PrefabAsset: {fileID: 0}
  m_GameObject: {fileID: 0}
  m_Enabled: 1
  m_EditorHideFlags: 0
  m_Script: {fileID: 11500000, guid: 4d7d47f9c7b6d744b80808cb7c47fcb0, type: 3}
  m_Name: Chat
  m_EditorClassIdentifier: 
  graph: {fileID: 11400000}
  position: {x: 2792, y: -200}
  ports:
    keys:
    - Answers
    - input
    - output
    values:
    - _fieldName: Answers
      _node: {fileID: 114381779303862374}
      _typeQualifiedName: System.Collections.Generic.List`1[[System.String, mscorlib,
        Version=4.0.0.0, Culture=neutral, PublicKeyToken=b77a5c561934e089]], mscorlib,
        Version=4.0.0.0, Culture=neutral, PublicKeyToken=b77a5c561934e089
      connections: []
      _direction: 1
      _connectionType: 0
      _typeConstraint: 0
      _dynamic: 0
    - _fieldName: input
      _node: {fileID: 114381779303862374}
      _typeQualifiedName: DialogueBaseNode, Assembly-CSharp, Version=0.0.0.0, Culture=neutral,
        PublicKeyToken=null
      connections:
      - fieldName: output
        node: {fileID: 114522298335678458}
        reroutePoints: []
      _direction: 0
      _connectionType: 0
      _typeConstraint: 1
      _dynamic: 0
    - _fieldName: output
      _node: {fileID: 114381779303862374}
      _typeQualifiedName: DialogueBaseNode, Assembly-CSharp, Version=0.0.0.0, Culture=neutral,
        PublicKeyToken=null
      connections:
      - fieldName: input
        node: {fileID: 114508428850655996}
        reroutePoints: []
      _direction: 1
      _connectionType: 0
      _typeConstraint: 0
      _dynamic: 0
  input: {fileID: 0}
  output: {fileID: 0}
  Speaker: 1
  Instant: 0
  Text: MASTER_INTRO09
  Answers: []
--- !u!114 &114395355747243678
MonoBehaviour:
  m_ObjectHideFlags: 0
  m_CorrespondingSourceObject: {fileID: 0}
  m_PrefabInstance: {fileID: 0}
  m_PrefabAsset: {fileID: 0}
  m_GameObject: {fileID: 0}
  m_Enabled: 1
  m_EditorHideFlags: 0
  m_Script: {fileID: 11500000, guid: 14634b91cb00a71418ba169f79387895, type: 3}
  m_Name: Close Dialogue
  m_EditorClassIdentifier: 
  graph: {fileID: 11400000}
  position: {x: 1048, y: 616}
  ports:
    keys:
    - input
    - output
    values:
    - _fieldName: input
      _node: {fileID: 114395355747243678}
      _typeQualifiedName: DialogueBaseNode, Assembly-CSharp, Version=0.0.0.0, Culture=neutral,
        PublicKeyToken=null
      connections:
      - fieldName: output
        node: {fileID: 114127054133436188}
        reroutePoints: []
      _direction: 0
      _connectionType: 0
      _typeConstraint: 1
      _dynamic: 0
    - _fieldName: output
      _node: {fileID: 114395355747243678}
      _typeQualifiedName: DialogueBaseNode, Assembly-CSharp, Version=0.0.0.0, Culture=neutral,
        PublicKeyToken=null
      connections: []
      _direction: 1
      _connectionType: 0
      _typeConstraint: 0
      _dynamic: 0
  input: {fileID: 0}
  output: {fileID: 0}
--- !u!114 &114430412482733466
MonoBehaviour:
  m_ObjectHideFlags: 0
  m_CorrespondingSourceObject: {fileID: 0}
  m_PrefabInstance: {fileID: 0}
  m_PrefabAsset: {fileID: 0}
  m_GameObject: {fileID: 0}
  m_Enabled: 1
  m_EditorHideFlags: 0
  m_Script: {fileID: 11500000, guid: 41b6ea57d1c9c304bbea5e62cc72ce8e, type: 3}
  m_Name: Dialogue Start
  m_EditorClassIdentifier: 
  graph: {fileID: 11400000}
  position: {x: -616, y: -168}
  ports:
    keys:
    - input
    - output
    values:
    - _fieldName: input
      _node: {fileID: 114430412482733466}
      _typeQualifiedName: DialogueBaseNode, Assembly-CSharp, Version=0.0.0.0, Culture=neutral,
        PublicKeyToken=null
      connections: []
      _direction: 0
      _connectionType: 0
      _typeConstraint: 1
      _dynamic: 0
    - _fieldName: output
      _node: {fileID: 114430412482733466}
      _typeQualifiedName: DialogueBaseNode, Assembly-CSharp, Version=0.0.0.0, Culture=neutral,
        PublicKeyToken=null
      connections:
      - fieldName: input
        node: {fileID: 114934043950243750}
        reroutePoints: []
      _direction: 1
      _connectionType: 0
      _typeConstraint: 0
      _dynamic: 0
  input: {fileID: 0}
  output: {fileID: 0}
--- !u!114 &114442023723294002
MonoBehaviour:
  m_ObjectHideFlags: 0
  m_CorrespondingSourceObject: {fileID: 0}
  m_PrefabInstance: {fileID: 0}
  m_PrefabAsset: {fileID: 0}
  m_GameObject: {fileID: 0}
  m_Enabled: 1
  m_EditorHideFlags: 0
  m_Script: {fileID: 11500000, guid: 583ad8745348cfe448dc92c575910d13, type: 3}
  m_Name: Quest Completed
  m_EditorClassIdentifier: 
  graph: {fileID: 11400000}
  position: {x: 424, y: 56}
  ports:
    keys:
    - pass
    - fail
    - input
    - output
    values:
    - _fieldName: pass
      _node: {fileID: 114442023723294002}
      _typeQualifiedName: DialogueBaseNode, Assembly-CSharp, Version=0.0.0.0, Culture=neutral,
        PublicKeyToken=null
      connections:
      - fieldName: input
        node: {fileID: 114237574813817104}
        reroutePoints: []
      _direction: 1
      _connectionType: 0
      _typeConstraint: 0
      _dynamic: 0
    - _fieldName: fail
      _node: {fileID: 114442023723294002}
      _typeQualifiedName: DialogueBaseNode, Assembly-CSharp, Version=0.0.0.0, Culture=neutral,
        PublicKeyToken=null
      connections:
      - fieldName: input
        node: {fileID: 114252702810974986}
        reroutePoints: []
      _direction: 1
      _connectionType: 0
      _typeConstraint: 0
      _dynamic: 0
    - _fieldName: input
      _node: {fileID: 114442023723294002}
      _typeQualifiedName: DialogueBaseNode, Assembly-CSharp, Version=0.0.0.0, Culture=neutral,
        PublicKeyToken=null
      connections:
      - fieldName: pass
        node: {fileID: 114623879279976072}
        reroutePoints: []
      _direction: 0
      _connectionType: 0
      _typeConstraint: 1
      _dynamic: 0
    - _fieldName: output
      _node: {fileID: 114442023723294002}
      _typeQualifiedName: DialogueBaseNode, Assembly-CSharp, Version=0.0.0.0, Culture=neutral,
        PublicKeyToken=null
      connections: []
      _direction: 1
      _connectionType: 0
      _typeConstraint: 0
      _dynamic: 0
  input: {fileID: 0}
  output: {fileID: 0}
  pass: {fileID: 0}
  fail: {fileID: 0}
  Success: 1
--- !u!114 &114506797946817802
MonoBehaviour:
  m_ObjectHideFlags: 0
  m_CorrespondingSourceObject: {fileID: 0}
  m_PrefabInstance: {fileID: 0}
  m_PrefabAsset: {fileID: 0}
  m_GameObject: {fileID: 0}
  m_Enabled: 1
  m_EditorHideFlags: 0
  m_Script: {fileID: 11500000, guid: 14634b91cb00a71418ba169f79387895, type: 3}
  m_Name: Close Dialogue
  m_EditorClassIdentifier: 
  graph: {fileID: 11400000}
  position: {x: 1176, y: 312}
  ports:
    keys:
    - input
    - output
    values:
    - _fieldName: input
      _node: {fileID: 114506797946817802}
      _typeQualifiedName: DialogueBaseNode, Assembly-CSharp, Version=0.0.0.0, Culture=neutral,
        PublicKeyToken=null
      connections:
      - fieldName: output
        node: {fileID: 114252702810974986}
        reroutePoints: []
      _direction: 0
      _connectionType: 0
      _typeConstraint: 1
      _dynamic: 0
    - _fieldName: output
      _node: {fileID: 114506797946817802}
      _typeQualifiedName: DialogueBaseNode, Assembly-CSharp, Version=0.0.0.0, Culture=neutral,
        PublicKeyToken=null
      connections: []
      _direction: 1
      _connectionType: 0
      _typeConstraint: 0
      _dynamic: 0
  input: {fileID: 0}
  output: {fileID: 0}
--- !u!114 &114508428850655996
MonoBehaviour:
  m_ObjectHideFlags: 0
  m_CorrespondingSourceObject: {fileID: 0}
  m_PrefabInstance: {fileID: 0}
  m_PrefabAsset: {fileID: 0}
  m_GameObject: {fileID: 0}
  m_Enabled: 1
  m_EditorHideFlags: 0
  m_Script: {fileID: 11500000, guid: e692c090318ed9041a351529ec196d7f, type: 3}
  m_Name: Quest Available
  m_EditorClassIdentifier: 
  graph: {fileID: 11400000}
  position: {x: 3176, y: -200}
  ports:
    keys:
    - pass
    - fail
    - input
    - output
    values:
    - _fieldName: pass
      _node: {fileID: 114508428850655996}
      _typeQualifiedName: DialogueBaseNode, Assembly-CSharp, Version=0.0.0.0, Culture=neutral,
        PublicKeyToken=null
      connections:
      - fieldName: input
        node: {fileID: 114656232389523842}
        reroutePoints: []
      _direction: 1
      _connectionType: 0
      _typeConstraint: 0
      _dynamic: 0
    - _fieldName: fail
      _node: {fileID: 114508428850655996}
      _typeQualifiedName: DialogueBaseNode, Assembly-CSharp, Version=0.0.0.0, Culture=neutral,
        PublicKeyToken=null
      connections:
      - fieldName: input
        node: {fileID: 114361156517251230}
        reroutePoints: []
      _direction: 1
      _connectionType: 0
      _typeConstraint: 0
      _dynamic: 0
    - _fieldName: input
      _node: {fileID: 114508428850655996}
      _typeQualifiedName: DialogueBaseNode, Assembly-CSharp, Version=0.0.0.0, Culture=neutral,
        PublicKeyToken=null
      connections:
      - fieldName: output
        node: {fileID: 114381779303862374}
        reroutePoints: []
      _direction: 0
      _connectionType: 0
      _typeConstraint: 1
      _dynamic: 0
    - _fieldName: output
      _node: {fileID: 114508428850655996}
      _typeQualifiedName: DialogueBaseNode, Assembly-CSharp, Version=0.0.0.0, Culture=neutral,
        PublicKeyToken=null
      connections: []
      _direction: 1
      _connectionType: 0
      _typeConstraint: 0
      _dynamic: 0
  input: {fileID: 0}
  output: {fileID: 0}
  pass: {fileID: 0}
  fail: {fileID: 0}
  Success: 1
--- !u!114 &114522298335678458
MonoBehaviour:
  m_ObjectHideFlags: 0
  m_CorrespondingSourceObject: {fileID: 0}
  m_PrefabInstance: {fileID: 0}
  m_PrefabAsset: {fileID: 0}
  m_GameObject: {fileID: 0}
  m_Enabled: 1
  m_EditorHideFlags: 0
  m_Script: {fileID: 11500000, guid: 4d7d47f9c7b6d744b80808cb7c47fcb0, type: 3}
  m_Name: Chat
  m_EditorClassIdentifier: 
  graph: {fileID: 11400000}
  position: {x: 2440, y: -200}
  ports:
    keys:
    - Answers
    - input
    - output
    values:
    - _fieldName: Answers
      _node: {fileID: 114522298335678458}
      _typeQualifiedName: System.Collections.Generic.List`1[[System.String, mscorlib,
        Version=4.0.0.0, Culture=neutral, PublicKeyToken=b77a5c561934e089]], mscorlib,
        Version=4.0.0.0, Culture=neutral, PublicKeyToken=b77a5c561934e089
      connections: []
      _direction: 1
      _connectionType: 0
      _typeConstraint: 0
      _dynamic: 0
    - _fieldName: input
      _node: {fileID: 114522298335678458}
      _typeQualifiedName: DialogueBaseNode, Assembly-CSharp, Version=0.0.0.0, Culture=neutral,
        PublicKeyToken=null
      connections:
      - fieldName: output
        node: {fileID: 114611320676293904}
        reroutePoints: []
      _direction: 0
      _connectionType: 0
      _typeConstraint: 1
      _dynamic: 0
    - _fieldName: output
      _node: {fileID: 114522298335678458}
      _typeQualifiedName: DialogueBaseNode, Assembly-CSharp, Version=0.0.0.0, Culture=neutral,
        PublicKeyToken=null
      connections:
      - fieldName: input
        node: {fileID: 114381779303862374}
        reroutePoints: []
      _direction: 1
      _connectionType: 0
      _typeConstraint: 0
      _dynamic: 0
  input: {fileID: 0}
  output: {fileID: 0}
  Speaker: 0
  Instant: 0
  Text: MASTER_INTRO08
  Answers: []
--- !u!114 &114531296776592802
MonoBehaviour:
  m_ObjectHideFlags: 0
  m_CorrespondingSourceObject: {fileID: 0}
  m_PrefabInstance: {fileID: 0}
  m_PrefabAsset: {fileID: 0}
  m_GameObject: {fileID: 0}
  m_Enabled: 1
  m_EditorHideFlags: 0
  m_Script: {fileID: 11500000, guid: 4d7d47f9c7b6d744b80808cb7c47fcb0, type: 3}
  m_Name: Chat
  m_EditorClassIdentifier: 
  graph: {fileID: 11400000}
  position: {x: 712, y: -200}
  ports:
    keys:
    - Answers
    - input
    - output
    values:
    - _fieldName: Answers
      _node: {fileID: 114531296776592802}
      _typeQualifiedName: System.Collections.Generic.List`1[[System.String, mscorlib,
        Version=4.0.0.0, Culture=neutral, PublicKeyToken=b77a5c561934e089]], mscorlib,
        Version=4.0.0.0, Culture=neutral, PublicKeyToken=b77a5c561934e089
      connections: []
      _direction: 1
      _connectionType: 0
      _typeConstraint: 0
      _dynamic: 0
    - _fieldName: input
      _node: {fileID: 114531296776592802}
      _typeQualifiedName: DialogueBaseNode, Assembly-CSharp, Version=0.0.0.0, Culture=neutral,
        PublicKeyToken=null
      connections:
      - fieldName: output
        node: {fileID: 114138207504092626}
        reroutePoints: []
      _direction: 0
      _connectionType: 0
      _typeConstraint: 1
      _dynamic: 0
    - _fieldName: output
      _node: {fileID: 114531296776592802}
      _typeQualifiedName: DialogueBaseNode, Assembly-CSharp, Version=0.0.0.0, Culture=neutral,
        PublicKeyToken=null
      connections:
      - fieldName: input
        node: {fileID: 114742371572019998}
        reroutePoints: []
      _direction: 1
      _connectionType: 0
      _typeConstraint: 0
      _dynamic: 0
  input: {fileID: 0}
  output: {fileID: 0}
  Speaker: 1
  Instant: 0
  Text: MASTER_INTRO03
  Answers: []
--- !u!114 &114568332141337992
MonoBehaviour:
  m_ObjectHideFlags: 0
  m_CorrespondingSourceObject: {fileID: 0}
  m_PrefabInstance: {fileID: 0}
  m_PrefabAsset: {fileID: 0}
  m_GameObject: {fileID: 0}
  m_Enabled: 1
  m_EditorHideFlags: 0
  m_Script: {fileID: 11500000, guid: e692c090318ed9041a351529ec196d7f, type: 3}
  m_Name: Quest Available
  m_EditorClassIdentifier: 
  graph: {fileID: 11400000}
  position: {x: 376, y: 536}
  ports:
    keys:
    - pass
    - fail
    - input
    - output
    values:
    - _fieldName: pass
      _node: {fileID: 114568332141337992}
      _typeQualifiedName: DialogueBaseNode, Assembly-CSharp, Version=0.0.0.0, Culture=neutral,
        PublicKeyToken=null
      connections:
      - fieldName: input
        node: {fileID: 114901485212874332}
        reroutePoints: []
      _direction: 1
      _connectionType: 0
      _typeConstraint: 0
      _dynamic: 0
    - _fieldName: fail
      _node: {fileID: 114568332141337992}
      _typeQualifiedName: DialogueBaseNode, Assembly-CSharp, Version=0.0.0.0, Culture=neutral,
        PublicKeyToken=null
      connections:
      - fieldName: input
        node: {fileID: 114127054133436188}
        reroutePoints: []
      _direction: 1
      _connectionType: 0
      _typeConstraint: 0
      _dynamic: 0
    - _fieldName: input
      _node: {fileID: 114568332141337992}
      _typeQualifiedName: DialogueBaseNode, Assembly-CSharp, Version=0.0.0.0, Culture=neutral,
        PublicKeyToken=null
      connections:
      - fieldName: fail
        node: {fileID: 114623879279976072}
        reroutePoints: []
      _direction: 0
      _connectionType: 0
      _typeConstraint: 1
      _dynamic: 0
    - _fieldName: output
      _node: {fileID: 114568332141337992}
      _typeQualifiedName: DialogueBaseNode, Assembly-CSharp, Version=0.0.0.0, Culture=neutral,
        PublicKeyToken=null
      connections: []
      _direction: 1
      _connectionType: 0
      _typeConstraint: 0
      _dynamic: 0
  input: {fileID: 0}
  output: {fileID: 0}
  pass: {fileID: 0}
  fail: {fileID: 0}
  Success: 1
--- !u!114 &114611320676293904
MonoBehaviour:
  m_ObjectHideFlags: 0
  m_CorrespondingSourceObject: {fileID: 0}
  m_PrefabInstance: {fileID: 0}
  m_PrefabAsset: {fileID: 0}
  m_GameObject: {fileID: 0}
  m_Enabled: 1
  m_EditorHideFlags: 0
  m_Script: {fileID: 11500000, guid: 4d7d47f9c7b6d744b80808cb7c47fcb0, type: 3}
  m_Name: Chat
  m_EditorClassIdentifier: 
  graph: {fileID: 11400000}
  position: {x: 2088, y: -200}
  ports:
    keys:
    - Answers
    - input
    - output
    values:
    - _fieldName: Answers
      _node: {fileID: 114611320676293904}
      _typeQualifiedName: System.Collections.Generic.List`1[[System.String, mscorlib,
        Version=4.0.0.0, Culture=neutral, PublicKeyToken=b77a5c561934e089]], mscorlib,
        Version=4.0.0.0, Culture=neutral, PublicKeyToken=b77a5c561934e089
      connections: []
      _direction: 1
      _connectionType: 0
      _typeConstraint: 0
      _dynamic: 0
    - _fieldName: input
      _node: {fileID: 114611320676293904}
      _typeQualifiedName: DialogueBaseNode, Assembly-CSharp, Version=0.0.0.0, Culture=neutral,
        PublicKeyToken=null
      connections:
      - fieldName: output
        node: {fileID: 114766586065441730}
        reroutePoints: []
      _direction: 0
      _connectionType: 0
      _typeConstraint: 1
      _dynamic: 0
    - _fieldName: output
      _node: {fileID: 114611320676293904}
      _typeQualifiedName: DialogueBaseNode, Assembly-CSharp, Version=0.0.0.0, Culture=neutral,
        PublicKeyToken=null
      connections:
      - fieldName: input
        node: {fileID: 114522298335678458}
        reroutePoints: []
      _direction: 1
      _connectionType: 0
      _typeConstraint: 0
      _dynamic: 0
  input: {fileID: 0}
  output: {fileID: 0}
  Speaker: 1
  Instant: 0
  Text: MASTER_INTRO07
  Answers: []
--- !u!114 &114623879279976072
MonoBehaviour:
  m_ObjectHideFlags: 0
  m_CorrespondingSourceObject: {fileID: 0}
  m_PrefabInstance: {fileID: 0}
  m_PrefabAsset: {fileID: 0}
  m_GameObject: {fileID: 0}
  m_Enabled: 1
  m_EditorHideFlags: 0
  m_Script: {fileID: 11500000, guid: 913780f0af96b7f49af6679b35db701b, type: 3}
  m_Name: Quest Accepted
  m_EditorClassIdentifier: 
  graph: {fileID: 11400000}
  position: {x: 120, y: 152}
  ports:
    keys:
    - pass
    - fail
    - input
    - output
    values:
    - _fieldName: pass
      _node: {fileID: 114623879279976072}
      _typeQualifiedName: DialogueBaseNode, Assembly-CSharp, Version=0.0.0.0, Culture=neutral,
        PublicKeyToken=null
      connections:
      - fieldName: input
        node: {fileID: 114442023723294002}
        reroutePoints: []
      _direction: 1
      _connectionType: 0
      _typeConstraint: 0
      _dynamic: 0
    - _fieldName: fail
      _node: {fileID: 114623879279976072}
      _typeQualifiedName: DialogueBaseNode, Assembly-CSharp, Version=0.0.0.0, Culture=neutral,
        PublicKeyToken=null
      connections:
      - fieldName: input
        node: {fileID: 114568332141337992}
        reroutePoints: []
      _direction: 1
      _connectionType: 0
      _typeConstraint: 0
      _dynamic: 0
    - _fieldName: input
      _node: {fileID: 114623879279976072}
      _typeQualifiedName: DialogueBaseNode, Assembly-CSharp, Version=0.0.0.0, Culture=neutral,
        PublicKeyToken=null
      connections:
      - fieldName: Dialogue 1
        node: {fileID: 114934043950243750}
        reroutePoints: []
      _direction: 0
      _connectionType: 0
      _typeConstraint: 1
      _dynamic: 0
    - _fieldName: output
      _node: {fileID: 114623879279976072}
      _typeQualifiedName: DialogueBaseNode, Assembly-CSharp, Version=0.0.0.0, Culture=neutral,
        PublicKeyToken=null
      connections: []
      _direction: 1
      _connectionType: 0
      _typeConstraint: 0
      _dynamic: 0
  input: {fileID: 0}
  output: {fileID: 0}
  pass: {fileID: 0}
  fail: {fileID: 0}
  Success: 1
--- !u!114 &114656232389523842
MonoBehaviour:
  m_ObjectHideFlags: 0
  m_CorrespondingSourceObject: {fileID: 0}
  m_PrefabInstance: {fileID: 0}
  m_PrefabAsset: {fileID: 0}
  m_GameObject: {fileID: 0}
  m_Enabled: 1
  m_EditorHideFlags: 0
  m_Script: {fileID: 11500000, guid: 89d8c344c53970040b1cd8360eae96ad, type: 3}
  m_Name: Open Quest
  m_EditorClassIdentifier: 
  graph: {fileID: 11400000}
  position: {x: 3512, y: -216}
  ports:
    keys:
    - input
    - output
    values:
    - _fieldName: input
      _node: {fileID: 114656232389523842}
      _typeQualifiedName: DialogueBaseNode, Assembly-CSharp, Version=0.0.0.0, Culture=neutral,
        PublicKeyToken=null
      connections:
      - fieldName: pass
        node: {fileID: 114508428850655996}
        reroutePoints: []
      _direction: 0
      _connectionType: 0
      _typeConstraint: 1
      _dynamic: 0
    - _fieldName: output
      _node: {fileID: 114656232389523842}
      _typeQualifiedName: DialogueBaseNode, Assembly-CSharp, Version=0.0.0.0, Culture=neutral,
        PublicKeyToken=null
      connections: []
      _direction: 1
      _connectionType: 0
      _typeConstraint: 0
      _dynamic: 0
  input: {fileID: 0}
  output: {fileID: 0}
--- !u!114 &114664022262284708
MonoBehaviour:
  m_ObjectHideFlags: 0
  m_CorrespondingSourceObject: {fileID: 0}
  m_PrefabInstance: {fileID: 0}
  m_PrefabAsset: {fileID: 0}
  m_GameObject: {fileID: 0}
  m_Enabled: 1
  m_EditorHideFlags: 0
  m_Script: {fileID: 11500000, guid: 89d8c344c53970040b1cd8360eae96ad, type: 3}
  m_Name: Open Quest
  m_EditorClassIdentifier: 
  graph: {fileID: 11400000}
  position: {x: 1752, y: 24}
  ports:
    keys:
    - input
    - output
    values:
    - _fieldName: input
      _node: {fileID: 114664022262284708}
      _typeQualifiedName: DialogueBaseNode, Assembly-CSharp, Version=0.0.0.0, Culture=neutral,
        PublicKeyToken=null
      connections:
      - fieldName: output
        node: {fileID: 114358720718832216}
        reroutePoints: []
      _direction: 0
      _connectionType: 0
      _typeConstraint: 1
      _dynamic: 0
    - _fieldName: output
      _node: {fileID: 114664022262284708}
      _typeQualifiedName: DialogueBaseNode, Assembly-CSharp, Version=0.0.0.0, Culture=neutral,
        PublicKeyToken=null
      connections: []
      _direction: 1
      _connectionType: 0
      _typeConstraint: 0
      _dynamic: 0
  input: {fileID: 0}
  output: {fileID: 0}
--- !u!114 &114684953741586810
MonoBehaviour:
  m_ObjectHideFlags: 0
  m_CorrespondingSourceObject: {fileID: 0}
  m_PrefabInstance: {fileID: 0}
  m_PrefabAsset: {fileID: 0}
  m_GameObject: {fileID: 0}
  m_Enabled: 1
  m_EditorHideFlags: 0
  m_Script: {fileID: 11500000, guid: 4d7d47f9c7b6d744b80808cb7c47fcb0, type: 3}
  m_Name: Chat
  m_EditorClassIdentifier: 
  graph: {fileID: 11400000}
  position: {x: 1400, y: 232}
  ports:
    keys:
    - Answers
    - input
    - output
    values:
    - _fieldName: Answers
      _node: {fileID: 114684953741586810}
      _typeQualifiedName: System.Collections.Generic.List`1[[System.String, mscorlib,
        Version=4.0.0.0, Culture=neutral, PublicKeyToken=b77a5c561934e089]], mscorlib,
        Version=4.0.0.0, Culture=neutral, PublicKeyToken=b77a5c561934e089
      connections: []
      _direction: 1
      _connectionType: 0
      _typeConstraint: 0
      _dynamic: 0
    - _fieldName: input
      _node: {fileID: 114684953741586810}
      _typeQualifiedName: DialogueBaseNode, Assembly-CSharp, Version=0.0.0.0, Culture=neutral,
        PublicKeyToken=null
      connections:
      - fieldName: fail
        node: {fileID: 114871711969058924}
        reroutePoints: []
      _direction: 0
      _connectionType: 0
      _typeConstraint: 1
      _dynamic: 0
    - _fieldName: output
      _node: {fileID: 114684953741586810}
      _typeQualifiedName: DialogueBaseNode, Assembly-CSharp, Version=0.0.0.0, Culture=neutral,
        PublicKeyToken=null
      connections:
      - fieldName: input
        node: {fileID: 114725631949937200}
        reroutePoints: []
      _direction: 1
      _connectionType: 0
      _typeConstraint: 0
      _dynamic: 0
  input: {fileID: 0}
  output: {fileID: 0}
  Speaker: 1
  Instant: 0
  Text: MASTER_INTRO11
  Answers: []
--- !u!114 &114697583899501082
MonoBehaviour:
  m_ObjectHideFlags: 0
  m_CorrespondingSourceObject: {fileID: 0}
  m_PrefabInstance: {fileID: 0}
  m_PrefabAsset: {fileID: 0}
  m_GameObject: {fileID: 0}
  m_Enabled: 1
  m_EditorHideFlags: 0
  m_Script: {fileID: 11500000, guid: 4d7d47f9c7b6d744b80808cb7c47fcb0, type: 3}
  m_Name: Chat
  m_EditorClassIdentifier: 
  graph: {fileID: 11400000}
  position: {x: 1400, y: -200}
  ports:
    keys:
    - Answers
    - input
    - output
    values:
    - _fieldName: Answers
      _node: {fileID: 114697583899501082}
      _typeQualifiedName: System.Collections.Generic.List`1[[System.String, mscorlib,
        Version=4.0.0.0, Culture=neutral, PublicKeyToken=b77a5c561934e089]], mscorlib,
        Version=4.0.0.0, Culture=neutral, PublicKeyToken=b77a5c561934e089
      connections: []
      _direction: 1
      _connectionType: 0
      _typeConstraint: 0
      _dynamic: 0
    - _fieldName: input
      _node: {fileID: 114697583899501082}
      _typeQualifiedName: DialogueBaseNode, Assembly-CSharp, Version=0.0.0.0, Culture=neutral,
        PublicKeyToken=null
      connections:
      - fieldName: output
        node: {fileID: 114742371572019998}
        reroutePoints: []
      _direction: 0
      _connectionType: 0
      _typeConstraint: 1
      _dynamic: 0
    - _fieldName: output
      _node: {fileID: 114697583899501082}
      _typeQualifiedName: DialogueBaseNode, Assembly-CSharp, Version=0.0.0.0, Culture=neutral,
        PublicKeyToken=null
      connections:
      - fieldName: input
        node: {fileID: 114766586065441730}
        reroutePoints: []
      _direction: 1
      _connectionType: 0
      _typeConstraint: 0
      _dynamic: 0
  input: {fileID: 0}
  output: {fileID: 0}
  Speaker: 1
  Instant: 0
  Text: MASTER_INTRO05
  Answers: []
--- !u!114 &114725631949937200
MonoBehaviour:
  m_ObjectHideFlags: 0
  m_CorrespondingSourceObject: {fileID: 0}
  m_PrefabInstance: {fileID: 0}
  m_PrefabAsset: {fileID: 0}
  m_GameObject: {fileID: 0}
  m_Enabled: 1
  m_EditorHideFlags: 0
  m_Script: {fileID: 11500000, guid: 14634b91cb00a71418ba169f79387895, type: 3}
  m_Name: Close Dialogue
  m_EditorClassIdentifier: 
  graph: {fileID: 11400000}
  position: {x: 1800, y: 152}
  ports:
    keys:
    - input
    - output
    values:
    - _fieldName: input
      _node: {fileID: 114725631949937200}
      _typeQualifiedName: DialogueBaseNode, Assembly-CSharp, Version=0.0.0.0, Culture=neutral,
        PublicKeyToken=null
      connections:
      - fieldName: output
        node: {fileID: 114684953741586810}
        reroutePoints: []
      _direction: 0
      _connectionType: 0
      _typeConstraint: 1
      _dynamic: 0
    - _fieldName: output
      _node: {fileID: 114725631949937200}
      _typeQualifiedName: DialogueBaseNode, Assembly-CSharp, Version=0.0.0.0, Culture=neutral,
        PublicKeyToken=null
      connections: []
      _direction: 1
      _connectionType: 0
      _typeConstraint: 0
      _dynamic: 0
  input: {fileID: 0}
  output: {fileID: 0}
--- !u!114 &114742371572019998
MonoBehaviour:
  m_ObjectHideFlags: 0
  m_CorrespondingSourceObject: {fileID: 0}
  m_PrefabInstance: {fileID: 0}
  m_PrefabAsset: {fileID: 0}
  m_GameObject: {fileID: 0}
  m_Enabled: 1
  m_EditorHideFlags: 0
  m_Script: {fileID: 11500000, guid: 4d7d47f9c7b6d744b80808cb7c47fcb0, type: 3}
  m_Name: Chat
  m_EditorClassIdentifier: 
  graph: {fileID: 11400000}
  position: {x: 1064, y: -200}
  ports:
    keys:
    - Answers
    - input
    - output
    values:
    - _fieldName: Answers
      _node: {fileID: 114742371572019998}
      _typeQualifiedName: System.Collections.Generic.List`1[[System.String, mscorlib,
        Version=4.0.0.0, Culture=neutral, PublicKeyToken=b77a5c561934e089]], mscorlib,
        Version=4.0.0.0, Culture=neutral, PublicKeyToken=b77a5c561934e089
      connections: []
      _direction: 1
      _connectionType: 0
      _typeConstraint: 0
      _dynamic: 0
    - _fieldName: input
      _node: {fileID: 114742371572019998}
      _typeQualifiedName: DialogueBaseNode, Assembly-CSharp, Version=0.0.0.0, Culture=neutral,
        PublicKeyToken=null
      connections:
      - fieldName: output
        node: {fileID: 114531296776592802}
        reroutePoints: []
      _direction: 0
      _connectionType: 0
      _typeConstraint: 1
      _dynamic: 0
    - _fieldName: output
      _node: {fileID: 114742371572019998}
      _typeQualifiedName: DialogueBaseNode, Assembly-CSharp, Version=0.0.0.0, Culture=neutral,
        PublicKeyToken=null
      connections:
      - fieldName: input
        node: {fileID: 114697583899501082}
        reroutePoints: []
      _direction: 1
      _connectionType: 0
      _typeConstraint: 0
      _dynamic: 0
  input: {fileID: 0}
  output: {fileID: 0}
  Speaker: 0
  Instant: 0
  Text: MASTER_INTRO04
  Answers: []
--- !u!114 &114766586065441730
MonoBehaviour:
  m_ObjectHideFlags: 0
  m_CorrespondingSourceObject: {fileID: 0}
  m_PrefabInstance: {fileID: 0}
  m_PrefabAsset: {fileID: 0}
  m_GameObject: {fileID: 0}
  m_Enabled: 1
  m_EditorHideFlags: 0
  m_Script: {fileID: 11500000, guid: 4d7d47f9c7b6d744b80808cb7c47fcb0, type: 3}
  m_Name: Chat
  m_EditorClassIdentifier: 
  graph: {fileID: 11400000}
  position: {x: 1752, y: -200}
  ports:
    keys:
    - Answers
    - input
    - output
    values:
    - _fieldName: Answers
      _node: {fileID: 114766586065441730}
      _typeQualifiedName: System.Collections.Generic.List`1[[System.String, mscorlib,
        Version=4.0.0.0, Culture=neutral, PublicKeyToken=b77a5c561934e089]], mscorlib,
        Version=4.0.0.0, Culture=neutral, PublicKeyToken=b77a5c561934e089
      connections: []
      _direction: 1
      _connectionType: 0
      _typeConstraint: 0
      _dynamic: 0
    - _fieldName: input
      _node: {fileID: 114766586065441730}
      _typeQualifiedName: DialogueBaseNode, Assembly-CSharp, Version=0.0.0.0, Culture=neutral,
        PublicKeyToken=null
      connections:
      - fieldName: output
        node: {fileID: 114697583899501082}
        reroutePoints: []
      _direction: 0
      _connectionType: 0
      _typeConstraint: 1
      _dynamic: 0
    - _fieldName: output
      _node: {fileID: 114766586065441730}
      _typeQualifiedName: DialogueBaseNode, Assembly-CSharp, Version=0.0.0.0, Culture=neutral,
        PublicKeyToken=null
      connections:
      - fieldName: input
        node: {fileID: 114611320676293904}
        reroutePoints: []
      _direction: 1
      _connectionType: 0
      _typeConstraint: 0
      _dynamic: 0
  input: {fileID: 0}
  output: {fileID: 0}
  Speaker: 0
  Instant: 0
  Text: MASTER_INTRO06
  Answers: []
--- !u!114 &114871711969058924
MonoBehaviour:
  m_ObjectHideFlags: 0
  m_CorrespondingSourceObject: {fileID: 0}
  m_PrefabInstance: {fileID: 0}
  m_PrefabAsset: {fileID: 0}
  m_GameObject: {fileID: 0}
  m_Enabled: 1
  m_EditorHideFlags: 0
  m_Script: {fileID: 11500000, guid: e692c090318ed9041a351529ec196d7f, type: 3}
  m_Name: Quest Available
  m_EditorClassIdentifier: 
  graph: {fileID: 11400000}
  position: {x: 1128, y: 56}
  ports:
    keys:
    - pass
    - fail
    - input
    - output
    values:
    - _fieldName: pass
      _node: {fileID: 114871711969058924}
      _typeQualifiedName: DialogueBaseNode, Assembly-CSharp, Version=0.0.0.0, Culture=neutral,
        PublicKeyToken=null
      connections:
      - fieldName: input
        node: {fileID: 114358720718832216}
        reroutePoints: []
      _direction: 1
      _connectionType: 0
      _typeConstraint: 0
      _dynamic: 0
    - _fieldName: fail
      _node: {fileID: 114871711969058924}
      _typeQualifiedName: DialogueBaseNode, Assembly-CSharp, Version=0.0.0.0, Culture=neutral,
        PublicKeyToken=null
      connections:
      - fieldName: input
        node: {fileID: 114684953741586810}
        reroutePoints: []
      _direction: 1
      _connectionType: 0
      _typeConstraint: 0
      _dynamic: 0
    - _fieldName: input
      _node: {fileID: 114871711969058924}
      _typeQualifiedName: DialogueBaseNode, Assembly-CSharp, Version=0.0.0.0, Culture=neutral,
        PublicKeyToken=null
      connections:
      - fieldName: output
        node: {fileID: 114237574813817104}
        reroutePoints: []
      _direction: 0
      _connectionType: 0
      _typeConstraint: 1
      _dynamic: 0
    - _fieldName: output
      _node: {fileID: 114871711969058924}
      _typeQualifiedName: DialogueBaseNode, Assembly-CSharp, Version=0.0.0.0, Culture=neutral,
        PublicKeyToken=null
      connections: []
      _direction: 1
      _connectionType: 0
      _typeConstraint: 0
      _dynamic: 0
  input: {fileID: 0}
  output: {fileID: 0}
  pass: {fileID: 0}
  fail: {fileID: 0}
  Success: 1
--- !u!114 &114901485212874332
MonoBehaviour:
  m_ObjectHideFlags: 0
  m_CorrespondingSourceObject: {fileID: 0}
  m_PrefabInstance: {fileID: 0}
  m_PrefabAsset: {fileID: 0}
  m_GameObject: {fileID: 0}
  m_Enabled: 1
  m_EditorHideFlags: 0
  m_Script: {fileID: 11500000, guid: 89d8c344c53970040b1cd8360eae96ad, type: 3}
  m_Name: Open Quest
  m_EditorClassIdentifier: 
  graph: {fileID: 11400000}
  position: {x: 696, y: 488}
  ports:
    keys:
    - input
    - output
    values:
    - _fieldName: input
      _node: {fileID: 114901485212874332}
      _typeQualifiedName: DialogueBaseNode, Assembly-CSharp, Version=0.0.0.0, Culture=neutral,
        PublicKeyToken=null
      connections:
      - fieldName: pass
        node: {fileID: 114568332141337992}
        reroutePoints: []
      _direction: 0
      _connectionType: 0
      _typeConstraint: 1
      _dynamic: 0
    - _fieldName: output
      _node: {fileID: 114901485212874332}
      _typeQualifiedName: DialogueBaseNode, Assembly-CSharp, Version=0.0.0.0, Culture=neutral,
        PublicKeyToken=null
      connections: []
      _direction: 1
      _connectionType: 0
      _typeConstraint: 0
      _dynamic: 0
  input: {fileID: 0}
  output: {fileID: 0}
--- !u!114 &114934043950243750
MonoBehaviour:
  m_ObjectHideFlags: 0
  m_CorrespondingSourceObject: {fileID: 0}
  m_PrefabInstance: {fileID: 0}
  m_PrefabAsset: {fileID: 0}
  m_GameObject: {fileID: 0}
  m_Enabled: 1
  m_EditorHideFlags: 0
  m_Script: {fileID: 11500000, guid: a4e95272d18a5ee40bc3737743d4ad22, type: 3}
  m_Name: Dialogue Decision
  m_EditorClassIdentifier: 
  graph: {fileID: 11400000}
  position: {x: -408, y: -168}
  ports:
    keys:
    - DefaultDialogue
    - input
    - output
    - Dialogue 0
    - Dialogue 1
    values:
    - _fieldName: DefaultDialogue
      _node: {fileID: 114934043950243750}
      _typeQualifiedName: DialogueBaseNode, Assembly-CSharp, Version=0.0.0.0, Culture=neutral,
        PublicKeyToken=null
      connections: []
      _direction: 1
      _connectionType: 0
      _typeConstraint: 0
      _dynamic: 0
    - _fieldName: input
      _node: {fileID: 114934043950243750}
      _typeQualifiedName: DialogueBaseNode, Assembly-CSharp, Version=0.0.0.0, Culture=neutral,
        PublicKeyToken=null
      connections:
      - fieldName: output
        node: {fileID: 114430412482733466}
        reroutePoints: []
      _direction: 0
      _connectionType: 0
      _typeConstraint: 1
      _dynamic: 0
    - _fieldName: output
      _node: {fileID: 114934043950243750}
      _typeQualifiedName: DialogueBaseNode, Assembly-CSharp, Version=0.0.0.0, Culture=neutral,
        PublicKeyToken=null
      connections: []
      _direction: 1
      _connectionType: 0
      _typeConstraint: 0
      _dynamic: 0
    - _fieldName: Dialogue 0
      _node: {fileID: 114934043950243750}
      _typeQualifiedName: DialogueBaseNode, Assembly-CSharp, Version=0.0.0.0, Culture=neutral,
        PublicKeyToken=null
      connections:
      - fieldName: input
        node: {fileID: 114371038731198566}
        reroutePoints: []
      _direction: 1
      _connectionType: 1
      _typeConstraint: 0
      _dynamic: 1
    - _fieldName: Dialogue 1
      _node: {fileID: 114934043950243750}
      _typeQualifiedName: DialogueBaseNode, Assembly-CSharp, Version=0.0.0.0, Culture=neutral,
        PublicKeyToken=null
      connections:
      - fieldName: input
        node: {fileID: 114623879279976072}
        reroutePoints: []
      _direction: 1
      _connectionType: 1
      _typeConstraint: 0
      _dynamic: 1
  input: {fileID: 0}
  output: {fileID: 0}
  FirstResponse: 2
  number: 0100000001000000
  Types: 0000000001000000
  DefaultDialogue: {fileID: 0}
