%YAML 1.1
%TAG !u! tag:unity3d.com,2011:
--- !u!1 &8233897184795131409
GameObject:
  m_ObjectHideFlags: 0
  m_CorrespondingSourceObject: {fileID: 0}
  m_PrefabInstance: {fileID: 0}
  m_PrefabAsset: {fileID: 0}
  serializedVersion: 6
  m_Component:
  - component: {fileID: 8233897184795131410}
  m_Layer: 0
  m_Name: EmboscadaPrincipioBandidos
  m_TagString: Untagged
  m_Icon: {fileID: 0}
  m_NavMeshLayer: 0
  m_StaticEditorFlags: 0
  m_IsActive: 1
--- !u!4 &8233897184795131410
Transform:
  m_ObjectHideFlags: 0
  m_CorrespondingSourceObject: {fileID: 0}
  m_PrefabInstance: {fileID: 0}
  m_PrefabAsset: {fileID: 0}
  m_GameObject: {fileID: 8233897184795131409}
  m_LocalRotation: {x: 0, y: 0, z: 0, w: 1}
  m_LocalPosition: {x: 0, y: 0, z: 0}
  m_LocalScale: {x: 1, y: 1, z: 1}
  m_Children:
  - {fileID: 2922801331857847162}
  - {fileID: 2922801330862822285}
  - {fileID: 2922801331472908001}
  - {fileID: 2922801331942205298}
  - {fileID: 2922801330477450086}
  m_Father: {fileID: 0}
  m_RootOrder: 0
  m_LocalEulerAnglesHint: {x: 0, y: 0, z: 0}
--- !u!1001 &8233897183588783614
PrefabInstance:
  m_ObjectHideFlags: 0
  serializedVersion: 2
  m_Modification:
    m_TransformParent: {fileID: 8233897184795131410}
    m_Modifications:
    - target: {fileID: 571022126665710737, guid: 29b6b65d7246a634f9e205a149c794c2,
        type: 3}
      propertyPath: m_AnchorMax.x
      value: 0
      objectReference: {fileID: 0}
    - target: {fileID: 571022126665710737, guid: 29b6b65d7246a634f9e205a149c794c2,
        type: 3}
      propertyPath: m_AnchorMax.y
      value: 0
      objectReference: {fileID: 0}
    - target: {fileID: 2854060592027230955, guid: 29b6b65d7246a634f9e205a149c794c2,
        type: 3}
      propertyPath: m_AnchorMax.y
      value: 0
      objectReference: {fileID: 0}
    - target: {fileID: 3619130048340803481, guid: 29b6b65d7246a634f9e205a149c794c2,
        type: 3}
      propertyPath: gizmoViewMode
      value: 0
      objectReference: {fileID: 0}
    - target: {fileID: 3619130048340803481, guid: 29b6b65d7246a634f9e205a149c794c2,
        type: 3}
      propertyPath: showBehaviorDesignerGizmo
      value: 0
      objectReference: {fileID: 0}
    - target: {fileID: 6542408157302011711, guid: 29b6b65d7246a634f9e205a149c794c2,
        type: 3}
      propertyPath: m_Name
      value: BasicBandit (1)
      objectReference: {fileID: 0}
    - target: {fileID: 6542408157302172447, guid: 29b6b65d7246a634f9e205a149c794c2,
        type: 3}
      propertyPath: m_LocalPosition.x
      value: 42.61
      objectReference: {fileID: 0}
    - target: {fileID: 6542408157302172447, guid: 29b6b65d7246a634f9e205a149c794c2,
        type: 3}
      propertyPath: m_LocalPosition.y
      value: 0.296
      objectReference: {fileID: 0}
    - target: {fileID: 6542408157302172447, guid: 29b6b65d7246a634f9e205a149c794c2,
        type: 3}
      propertyPath: m_LocalPosition.z
      value: 376.56
      objectReference: {fileID: 0}
    - target: {fileID: 6542408157302172447, guid: 29b6b65d7246a634f9e205a149c794c2,
        type: 3}
      propertyPath: m_LocalRotation.x
      value: -0
      objectReference: {fileID: 0}
    - target: {fileID: 6542408157302172447, guid: 29b6b65d7246a634f9e205a149c794c2,
        type: 3}
      propertyPath: m_LocalRotation.y
      value: 0.7071068
      objectReference: {fileID: 0}
    - target: {fileID: 6542408157302172447, guid: 29b6b65d7246a634f9e205a149c794c2,
        type: 3}
      propertyPath: m_LocalRotation.z
      value: -0
      objectReference: {fileID: 0}
    - target: {fileID: 6542408157302172447, guid: 29b6b65d7246a634f9e205a149c794c2,
        type: 3}
      propertyPath: m_LocalRotation.w
      value: 0.7071068
      objectReference: {fileID: 0}
    - target: {fileID: 6542408157302172447, guid: 29b6b65d7246a634f9e205a149c794c2,
        type: 3}
      propertyPath: m_RootOrder
      value: 2
      objectReference: {fileID: 0}
    - target: {fileID: 6542408157302172447, guid: 29b6b65d7246a634f9e205a149c794c2,
        type: 3}
      propertyPath: m_LocalEulerAnglesHint.x
      value: 0
      objectReference: {fileID: 0}
    - target: {fileID: 6542408157302172447, guid: 29b6b65d7246a634f9e205a149c794c2,
        type: 3}
      propertyPath: m_LocalEulerAnglesHint.y
      value: 90
      objectReference: {fileID: 0}
    - target: {fileID: 6542408157302172447, guid: 29b6b65d7246a634f9e205a149c794c2,
        type: 3}
      propertyPath: m_LocalEulerAnglesHint.z
      value: 0
      objectReference: {fileID: 0}
    m_RemovedComponents: []
  m_SourcePrefab: {fileID: 100100000, guid: 29b6b65d7246a634f9e205a149c794c2, type: 3}
--- !u!4 &2922801331472908001 stripped
Transform:
  m_CorrespondingSourceObject: {fileID: 6542408157302172447, guid: 29b6b65d7246a634f9e205a149c794c2,
    type: 3}
  m_PrefabInstance: {fileID: 8233897183588783614}
  m_PrefabAsset: {fileID: 0}
--- !u!1001 &8233897183740549221
PrefabInstance:
  m_ObjectHideFlags: 0
  serializedVersion: 2
  m_Modification:
    m_TransformParent: {fileID: 8233897184795131410}
    m_Modifications:
    - target: {fileID: 571022126665710737, guid: 29b6b65d7246a634f9e205a149c794c2,
        type: 3}
      propertyPath: m_AnchorMax.x
      value: 0
      objectReference: {fileID: 0}
    - target: {fileID: 571022126665710737, guid: 29b6b65d7246a634f9e205a149c794c2,
        type: 3}
      propertyPath: m_AnchorMax.y
      value: 0
      objectReference: {fileID: 0}
    - target: {fileID: 2854060592027230955, guid: 29b6b65d7246a634f9e205a149c794c2,
        type: 3}
      propertyPath: m_AnchorMax.y
      value: 0
      objectReference: {fileID: 0}
    - target: {fileID: 3619130048340803481, guid: 29b6b65d7246a634f9e205a149c794c2,
        type: 3}
      propertyPath: gizmoViewMode
      value: 0
      objectReference: {fileID: 0}
    - target: {fileID: 3619130048340803481, guid: 29b6b65d7246a634f9e205a149c794c2,
        type: 3}
      propertyPath: showBehaviorDesignerGizmo
      value: 0
      objectReference: {fileID: 0}
    - target: {fileID: 6542408157302011711, guid: 29b6b65d7246a634f9e205a149c794c2,
        type: 3}
      propertyPath: m_Name
      value: BasicBandit (3)
      objectReference: {fileID: 0}
    - target: {fileID: 6542408157302172447, guid: 29b6b65d7246a634f9e205a149c794c2,
        type: 3}
      propertyPath: m_LocalPosition.x
      value: 40.7
      objectReference: {fileID: 0}
    - target: {fileID: 6542408157302172447, guid: 29b6b65d7246a634f9e205a149c794c2,
        type: 3}
      propertyPath: m_LocalPosition.y
      value: 0.18
      objectReference: {fileID: 0}
    - target: {fileID: 6542408157302172447, guid: 29b6b65d7246a634f9e205a149c794c2,
        type: 3}
      propertyPath: m_LocalPosition.z
      value: 378.1
      objectReference: {fileID: 0}
    - target: {fileID: 6542408157302172447, guid: 29b6b65d7246a634f9e205a149c794c2,
        type: 3}
      propertyPath: m_LocalRotation.x
      value: -0
      objectReference: {fileID: 0}
    - target: {fileID: 6542408157302172447, guid: 29b6b65d7246a634f9e205a149c794c2,
        type: 3}
      propertyPath: m_LocalRotation.y
      value: 0.7071068
      objectReference: {fileID: 0}
    - target: {fileID: 6542408157302172447, guid: 29b6b65d7246a634f9e205a149c794c2,
        type: 3}
      propertyPath: m_LocalRotation.z
      value: -0
      objectReference: {fileID: 0}
    - target: {fileID: 6542408157302172447, guid: 29b6b65d7246a634f9e205a149c794c2,
        type: 3}
      propertyPath: m_LocalRotation.w
      value: 0.7071068
      objectReference: {fileID: 0}
    - target: {fileID: 6542408157302172447, guid: 29b6b65d7246a634f9e205a149c794c2,
        type: 3}
      propertyPath: m_RootOrder
      value: 0
      objectReference: {fileID: 0}
    - target: {fileID: 6542408157302172447, guid: 29b6b65d7246a634f9e205a149c794c2,
        type: 3}
      propertyPath: m_LocalEulerAnglesHint.x
      value: 0
      objectReference: {fileID: 0}
    - target: {fileID: 6542408157302172447, guid: 29b6b65d7246a634f9e205a149c794c2,
        type: 3}
      propertyPath: m_LocalEulerAnglesHint.y
      value: 90
      objectReference: {fileID: 0}
    - target: {fileID: 6542408157302172447, guid: 29b6b65d7246a634f9e205a149c794c2,
        type: 3}
      propertyPath: m_LocalEulerAnglesHint.z
      value: 0
      objectReference: {fileID: 0}
    m_RemovedComponents: []
  m_SourcePrefab: {fileID: 100100000, guid: 29b6b65d7246a634f9e205a149c794c2, type: 3}
--- !u!4 &2922801331857847162 stripped
Transform:
  m_CorrespondingSourceObject: {fileID: 6542408157302172447, guid: 29b6b65d7246a634f9e205a149c794c2,
    type: 3}
  m_PrefabInstance: {fileID: 8233897183740549221}
  m_PrefabAsset: {fileID: 0}
--- !u!1001 &8233897184192957549
PrefabInstance:
  m_ObjectHideFlags: 0
  serializedVersion: 2
  m_Modification:
    m_TransformParent: {fileID: 8233897184795131410}
    m_Modifications:
    - target: {fileID: 571022126665710737, guid: 29b6b65d7246a634f9e205a149c794c2,
        type: 3}
      propertyPath: m_AnchorMax.x
      value: 0
      objectReference: {fileID: 0}
    - target: {fileID: 571022126665710737, guid: 29b6b65d7246a634f9e205a149c794c2,
        type: 3}
      propertyPath: m_AnchorMax.y
      value: 0
      objectReference: {fileID: 0}
    - target: {fileID: 2854060592027230955, guid: 29b6b65d7246a634f9e205a149c794c2,
        type: 3}
      propertyPath: m_AnchorMax.y
      value: 0
      objectReference: {fileID: 0}
    - target: {fileID: 3619130048340803481, guid: 29b6b65d7246a634f9e205a149c794c2,
        type: 3}
      propertyPath: gizmoViewMode
      value: 0
      objectReference: {fileID: 0}
    - target: {fileID: 3619130048340803481, guid: 29b6b65d7246a634f9e205a149c794c2,
        type: 3}
      propertyPath: showBehaviorDesignerGizmo
      value: 0
      objectReference: {fileID: 0}
    - target: {fileID: 6542408157302011711, guid: 29b6b65d7246a634f9e205a149c794c2,
        type: 3}
      propertyPath: m_Name
      value: BasicBandit (2)
      objectReference: {fileID: 0}
    - target: {fileID: 6542408157302172447, guid: 29b6b65d7246a634f9e205a149c794c2,
        type: 3}
      propertyPath: m_LocalPosition.x
      value: 78.1
      objectReference: {fileID: 0}
    - target: {fileID: 6542408157302172447, guid: 29b6b65d7246a634f9e205a149c794c2,
        type: 3}
      propertyPath: m_LocalPosition.y
      value: 0
      objectReference: {fileID: 0}
    - target: {fileID: 6542408157302172447, guid: 29b6b65d7246a634f9e205a149c794c2,
        type: 3}
      propertyPath: m_LocalPosition.z
      value: 440.892
      objectReference: {fileID: 0}
    - target: {fileID: 6542408157302172447, guid: 29b6b65d7246a634f9e205a149c794c2,
        type: 3}
      propertyPath: m_LocalRotation.x
      value: -0
      objectReference: {fileID: 0}
    - target: {fileID: 6542408157302172447, guid: 29b6b65d7246a634f9e205a149c794c2,
        type: 3}
      propertyPath: m_LocalRotation.y
      value: 1
      objectReference: {fileID: 0}
    - target: {fileID: 6542408157302172447, guid: 29b6b65d7246a634f9e205a149c794c2,
        type: 3}
      propertyPath: m_LocalRotation.z
      value: -0
      objectReference: {fileID: 0}
    - target: {fileID: 6542408157302172447, guid: 29b6b65d7246a634f9e205a149c794c2,
        type: 3}
      propertyPath: m_LocalRotation.w
      value: 0
      objectReference: {fileID: 0}
    - target: {fileID: 6542408157302172447, guid: 29b6b65d7246a634f9e205a149c794c2,
        type: 3}
      propertyPath: m_RootOrder
      value: 3
      objectReference: {fileID: 0}
    - target: {fileID: 6542408157302172447, guid: 29b6b65d7246a634f9e205a149c794c2,
        type: 3}
      propertyPath: m_LocalEulerAnglesHint.x
      value: 0
      objectReference: {fileID: 0}
    - target: {fileID: 6542408157302172447, guid: 29b6b65d7246a634f9e205a149c794c2,
        type: 3}
      propertyPath: m_LocalEulerAnglesHint.y
      value: 180
      objectReference: {fileID: 0}
    - target: {fileID: 6542408157302172447, guid: 29b6b65d7246a634f9e205a149c794c2,
        type: 3}
      propertyPath: m_LocalEulerAnglesHint.z
      value: 0
      objectReference: {fileID: 0}
    m_RemovedComponents: []
  m_SourcePrefab: {fileID: 100100000, guid: 29b6b65d7246a634f9e205a149c794c2, type: 3}
--- !u!4 &2922801331942205298 stripped
Transform:
  m_CorrespondingSourceObject: {fileID: 6542408157302172447, guid: 29b6b65d7246a634f9e205a149c794c2,
    type: 3}
  m_PrefabInstance: {fileID: 8233897184192957549}
  m_PrefabAsset: {fileID: 0}
--- !u!1001 &8233897184575678585
PrefabInstance:
  m_ObjectHideFlags: 0
  serializedVersion: 2
  m_Modification:
    m_TransformParent: {fileID: 8233897184795131410}
    m_Modifications:
    - target: {fileID: 571022126665710737, guid: 29b6b65d7246a634f9e205a149c794c2,
        type: 3}
      propertyPath: m_AnchorMax.x
      value: 0
      objectReference: {fileID: 0}
    - target: {fileID: 571022126665710737, guid: 29b6b65d7246a634f9e205a149c794c2,
        type: 3}
      propertyPath: m_AnchorMax.y
      value: 0
      objectReference: {fileID: 0}
    - target: {fileID: 2854060592027230955, guid: 29b6b65d7246a634f9e205a149c794c2,
        type: 3}
      propertyPath: m_AnchorMax.y
      value: 0
      objectReference: {fileID: 0}
    - target: {fileID: 3619130048340803481, guid: 29b6b65d7246a634f9e205a149c794c2,
        type: 3}
      propertyPath: gizmoViewMode
      value: 0
      objectReference: {fileID: 0}
    - target: {fileID: 3619130048340803481, guid: 29b6b65d7246a634f9e205a149c794c2,
        type: 3}
      propertyPath: showBehaviorDesignerGizmo
      value: 0
      objectReference: {fileID: 0}
    - target: {fileID: 6542408157302011711, guid: 29b6b65d7246a634f9e205a149c794c2,
        type: 3}
      propertyPath: m_Name
      value: BasicBandit (1)
      objectReference: {fileID: 0}
    - target: {fileID: 6542408157302172447, guid: 29b6b65d7246a634f9e205a149c794c2,
        type: 3}
      propertyPath: m_LocalPosition.x
      value: 80.134995
      objectReference: {fileID: 0}
    - target: {fileID: 6542408157302172447, guid: 29b6b65d7246a634f9e205a149c794c2,
        type: 3}
      propertyPath: m_LocalPosition.y
      value: 0
      objectReference: {fileID: 0}
    - target: {fileID: 6542408157302172447, guid: 29b6b65d7246a634f9e205a149c794c2,
        type: 3}
      propertyPath: m_LocalPosition.z
      value: 441.68646
      objectReference: {fileID: 0}
    - target: {fileID: 6542408157302172447, guid: 29b6b65d7246a634f9e205a149c794c2,
        type: 3}
      propertyPath: m_LocalRotation.x
      value: -0
      objectReference: {fileID: 0}
    - target: {fileID: 6542408157302172447, guid: 29b6b65d7246a634f9e205a149c794c2,
        type: 3}
      propertyPath: m_LocalRotation.y
      value: 1
      objectReference: {fileID: 0}
    - target: {fileID: 6542408157302172447, guid: 29b6b65d7246a634f9e205a149c794c2,
        type: 3}
      propertyPath: m_LocalRotation.z
      value: -0
      objectReference: {fileID: 0}
    - target: {fileID: 6542408157302172447, guid: 29b6b65d7246a634f9e205a149c794c2,
        type: 3}
      propertyPath: m_LocalRotation.w
      value: 0
      objectReference: {fileID: 0}
    - target: {fileID: 6542408157302172447, guid: 29b6b65d7246a634f9e205a149c794c2,
        type: 3}
      propertyPath: m_RootOrder
      value: 4
      objectReference: {fileID: 0}
    - target: {fileID: 6542408157302172447, guid: 29b6b65d7246a634f9e205a149c794c2,
        type: 3}
      propertyPath: m_LocalEulerAnglesHint.x
      value: 0
      objectReference: {fileID: 0}
    - target: {fileID: 6542408157302172447, guid: 29b6b65d7246a634f9e205a149c794c2,
        type: 3}
      propertyPath: m_LocalEulerAnglesHint.y
      value: 180
      objectReference: {fileID: 0}
    - target: {fileID: 6542408157302172447, guid: 29b6b65d7246a634f9e205a149c794c2,
        type: 3}
      propertyPath: m_LocalEulerAnglesHint.z
      value: 0
      objectReference: {fileID: 0}
    m_RemovedComponents: []
  m_SourcePrefab: {fileID: 100100000, guid: 29b6b65d7246a634f9e205a149c794c2, type: 3}
--- !u!4 &2922801330477450086 stripped
Transform:
  m_CorrespondingSourceObject: {fileID: 6542408157302172447, guid: 29b6b65d7246a634f9e205a149c794c2,
    type: 3}
  m_PrefabInstance: {fileID: 8233897184575678585}
  m_PrefabAsset: {fileID: 0}
--- !u!1001 &8233897185260026002
PrefabInstance:
  m_ObjectHideFlags: 0
  serializedVersion: 2
  m_Modification:
    m_TransformParent: {fileID: 8233897184795131410}
    m_Modifications:
    - target: {fileID: 571022126665710737, guid: 29b6b65d7246a634f9e205a149c794c2,
        type: 3}
      propertyPath: m_AnchorMax.x
      value: 0
      objectReference: {fileID: 0}
    - target: {fileID: 571022126665710737, guid: 29b6b65d7246a634f9e205a149c794c2,
        type: 3}
      propertyPath: m_AnchorMax.y
      value: 0
      objectReference: {fileID: 0}
    - target: {fileID: 2854060592027230955, guid: 29b6b65d7246a634f9e205a149c794c2,
        type: 3}
      propertyPath: m_AnchorMax.y
      value: 0
      objectReference: {fileID: 0}
    - target: {fileID: 3619130048340803481, guid: 29b6b65d7246a634f9e205a149c794c2,
        type: 3}
      propertyPath: gizmoViewMode
      value: 0
      objectReference: {fileID: 0}
    - target: {fileID: 3619130048340803481, guid: 29b6b65d7246a634f9e205a149c794c2,
        type: 3}
      propertyPath: showBehaviorDesignerGizmo
      value: 0
      objectReference: {fileID: 0}
    - target: {fileID: 6542408157302011711, guid: 29b6b65d7246a634f9e205a149c794c2,
        type: 3}
      propertyPath: m_Name
      value: BasicBandit (2)
      objectReference: {fileID: 0}
    - target: {fileID: 6542408157302172447, guid: 29b6b65d7246a634f9e205a149c794c2,
        type: 3}
      propertyPath: m_LocalPosition.x
      value: 40.31
      objectReference: {fileID: 0}
    - target: {fileID: 6542408157302172447, guid: 29b6b65d7246a634f9e205a149c794c2,
        type: 3}
      propertyPath: m_LocalPosition.y
      value: 0.36
      objectReference: {fileID: 0}
    - target: {fileID: 6542408157302172447, guid: 29b6b65d7246a634f9e205a149c794c2,
        type: 3}
      propertyPath: m_LocalPosition.z
      value: 375.3
      objectReference: {fileID: 0}
    - target: {fileID: 6542408157302172447, guid: 29b6b65d7246a634f9e205a149c794c2,
        type: 3}
      propertyPath: m_LocalRotation.x
      value: -0
      objectReference: {fileID: 0}
    - target: {fileID: 6542408157302172447, guid: 29b6b65d7246a634f9e205a149c794c2,
        type: 3}
      propertyPath: m_LocalRotation.y
      value: 0.7071068
      objectReference: {fileID: 0}
    - target: {fileID: 6542408157302172447, guid: 29b6b65d7246a634f9e205a149c794c2,
        type: 3}
      propertyPath: m_LocalRotation.z
      value: -0
      objectReference: {fileID: 0}
    - target: {fileID: 6542408157302172447, guid: 29b6b65d7246a634f9e205a149c794c2,
        type: 3}
      propertyPath: m_LocalRotation.w
      value: 0.7071068
      objectReference: {fileID: 0}
    - target: {fileID: 6542408157302172447, guid: 29b6b65d7246a634f9e205a149c794c2,
        type: 3}
      propertyPath: m_RootOrder
      value: 1
      objectReference: {fileID: 0}
    - target: {fileID: 6542408157302172447, guid: 29b6b65d7246a634f9e205a149c794c2,
        type: 3}
      propertyPath: m_LocalEulerAnglesHint.x
      value: 0
      objectReference: {fileID: 0}
    - target: {fileID: 6542408157302172447, guid: 29b6b65d7246a634f9e205a149c794c2,
        type: 3}
      propertyPath: m_LocalEulerAnglesHint.y
      value: 90
      objectReference: {fileID: 0}
    - target: {fileID: 6542408157302172447, guid: 29b6b65d7246a634f9e205a149c794c2,
        type: 3}
      propertyPath: m_LocalEulerAnglesHint.z
      value: 0
      objectReference: {fileID: 0}
    m_RemovedComponents: []
  m_SourcePrefab: {fileID: 100100000, guid: 29b6b65d7246a634f9e205a149c794c2, type: 3}
--- !u!4 &2922801330862822285 stripped
Transform:
  m_CorrespondingSourceObject: {fileID: 6542408157302172447, guid: 29b6b65d7246a634f9e205a149c794c2,
    type: 3}
  m_PrefabInstance: {fileID: 8233897185260026002}
  m_PrefabAsset: {fileID: 0}
