%YAML 1.1
%TAG !u! tag:unity3d.com,2011:
--- !u!29 &1
OcclusionCullingSettings:
  m_ObjectHideFlags: 0
  serializedVersion: 2
  m_OcclusionBakeSettings:
    smallestOccluder: 5
    smallestHole: 0.25
    backfaceThreshold: 100
  m_SceneGUID: 00000000000000000000000000000000
  m_OcclusionCullingData: {fileID: 0}
--- !u!104 &2
RenderSettings:
  m_ObjectHideFlags: 0
  serializedVersion: 9
  m_Fog: 0
  m_FogColor: {r: 0.5, g: 0.5, b: 0.5, a: 1}
  m_FogMode: 3
  m_FogDensity: 0.01
  m_LinearFogStart: 0
  m_LinearFogEnd: 300
  m_AmbientSkyColor: {r: 0.212, g: 0.227, b: 0.259, a: 1}
  m_AmbientEquatorColor: {r: 0.114, g: 0.125, b: 0.133, a: 1}
  m_AmbientGroundColor: {r: 0.047, g: 0.043, b: 0.035, a: 1}
  m_AmbientIntensity: 1
  m_AmbientMode: 0
  m_SubtractiveShadowColor: {r: 0.42, g: 0.478, b: 0.627, a: 1}
  m_SkyboxMaterial: {fileID: 10304, guid: 0000000000000000f000000000000000, type: 0}
  m_HaloStrength: 0.5
  m_FlareStrength: 1
  m_FlareFadeSpeed: 3
  m_HaloTexture: {fileID: 0}
  m_SpotCookie: {fileID: 10001, guid: 0000000000000000e000000000000000, type: 0}
  m_DefaultReflectionMode: 0
  m_DefaultReflectionResolution: 128
  m_ReflectionBounces: 1
  m_ReflectionIntensity: 1
  m_CustomReflection: {fileID: 0}
  m_Sun: {fileID: 0}
  m_IndirectSpecularColor: {r: 0.3731193, g: 0.38073996, b: 0.35872698, a: 1}
  m_UseRadianceAmbientProbe: 0
--- !u!157 &3
LightmapSettings:
  m_ObjectHideFlags: 0
  serializedVersion: 11
  m_GIWorkflowMode: 0
  m_GISettings:
    serializedVersion: 2
    m_BounceScale: 1
    m_IndirectOutputScale: 1
    m_AlbedoBoost: 1
    m_EnvironmentLightingMode: 0
    m_EnableBakedLightmaps: 1
    m_EnableRealtimeLightmaps: 1
  m_LightmapEditorSettings:
    serializedVersion: 10
    m_Resolution: 2
    m_BakeResolution: 40
    m_AtlasSize: 1024
    m_AO: 0
    m_AOMaxDistance: 1
    m_CompAOExponent: 1
    m_CompAOExponentDirect: 0
    m_Padding: 2
    m_LightmapParameters: {fileID: 0}
    m_LightmapsBakeMode: 1
    m_TextureCompression: 1
    m_FinalGather: 0
    m_FinalGatherFiltering: 1
    m_FinalGatherRayCount: 256
    m_ReflectionCompression: 2
    m_MixedBakeMode: 2
    m_BakeBackend: 1
    m_PVRSampling: 1
    m_PVRDirectSampleCount: 32
    m_PVRSampleCount: 500
    m_PVRBounces: 2
    m_PVRFilterTypeDirect: 0
    m_PVRFilterTypeIndirect: 0
    m_PVRFilterTypeAO: 0
    m_PVRFilteringMode: 1
    m_PVRCulling: 1
    m_PVRFilteringGaussRadiusDirect: 1
    m_PVRFilteringGaussRadiusIndirect: 5
    m_PVRFilteringGaussRadiusAO: 2
    m_PVRFilteringAtrousPositionSigmaDirect: 0.5
    m_PVRFilteringAtrousPositionSigmaIndirect: 2
    m_PVRFilteringAtrousPositionSigmaAO: 1
    m_ShowResolutionOverlay: 1
  m_LightingDataAsset: {fileID: 0}
  m_UseShadowmask: 1
--- !u!196 &4
NavMeshSettings:
  serializedVersion: 2
  m_ObjectHideFlags: 0
  m_BuildSettings:
    serializedVersion: 2
    agentTypeID: 0
    agentRadius: 0.5
    agentHeight: 2
    agentSlope: 45
    agentClimb: 0.4
    ledgeDropHeight: 0
    maxJumpAcrossDistance: 0
    minRegionArea: 2
    manualCellSize: 0
    cellSize: 0.16666667
    manualTileSize: 0
    tileSize: 256
    accuratePlacement: 0
    debug:
      m_Flags: 0
  m_NavMeshData: {fileID: 0}
--- !u!1001 &71784796
PrefabInstance:
  m_ObjectHideFlags: 0
  serializedVersion: 2
  m_Modification:
    m_TransformParent: {fileID: 1672393032}
    m_Modifications:
    - target: {fileID: 6768716728126489042, guid: 32e6f07b77da8ed4490239c43dad3858,
        type: 3}
      propertyPath: m_Name
      value: masterPropDefinitivo Variant
      objectReference: {fileID: 0}
    - target: {fileID: 6768716729806231307, guid: 32e6f07b77da8ed4490239c43dad3858,
        type: 3}
      propertyPath: m_LocalPosition.x
      value: 133.71
      objectReference: {fileID: 0}
    - target: {fileID: 6768716729806231307, guid: 32e6f07b77da8ed4490239c43dad3858,
        type: 3}
      propertyPath: m_LocalPosition.y
      value: 19.306
      objectReference: {fileID: 0}
    - target: {fileID: 6768716729806231307, guid: 32e6f07b77da8ed4490239c43dad3858,
        type: 3}
      propertyPath: m_LocalPosition.z
      value: 69.43
      objectReference: {fileID: 0}
    - target: {fileID: 6768716729806231307, guid: 32e6f07b77da8ed4490239c43dad3858,
        type: 3}
      propertyPath: m_LocalRotation.x
      value: 0
      objectReference: {fileID: 0}
    - target: {fileID: 6768716729806231307, guid: 32e6f07b77da8ed4490239c43dad3858,
        type: 3}
      propertyPath: m_LocalRotation.y
      value: 0.23344536
      objectReference: {fileID: 0}
    - target: {fileID: 6768716729806231307, guid: 32e6f07b77da8ed4490239c43dad3858,
        type: 3}
      propertyPath: m_LocalRotation.z
      value: 0
      objectReference: {fileID: 0}
    - target: {fileID: 6768716729806231307, guid: 32e6f07b77da8ed4490239c43dad3858,
        type: 3}
      propertyPath: m_LocalRotation.w
      value: 0.97236997
      objectReference: {fileID: 0}
    - target: {fileID: 6768716729806231307, guid: 32e6f07b77da8ed4490239c43dad3858,
        type: 3}
      propertyPath: m_RootOrder
      value: 0
      objectReference: {fileID: 0}
    - target: {fileID: 6768716729806231307, guid: 32e6f07b77da8ed4490239c43dad3858,
        type: 3}
      propertyPath: m_LocalEulerAnglesHint.x
      value: 0
      objectReference: {fileID: 0}
    - target: {fileID: 6768716729806231307, guid: 32e6f07b77da8ed4490239c43dad3858,
        type: 3}
      propertyPath: m_LocalEulerAnglesHint.y
      value: 27
      objectReference: {fileID: 0}
    - target: {fileID: 6768716729806231307, guid: 32e6f07b77da8ed4490239c43dad3858,
        type: 3}
      propertyPath: m_LocalEulerAnglesHint.z
      value: 0
      objectReference: {fileID: 0}
    - target: {fileID: 6768716729806231307, guid: 32e6f07b77da8ed4490239c43dad3858,
        type: 3}
      propertyPath: m_LocalScale.x
      value: 0.5999999
      objectReference: {fileID: 0}
    - target: {fileID: 6768716729806231307, guid: 32e6f07b77da8ed4490239c43dad3858,
        type: 3}
      propertyPath: m_LocalScale.z
      value: 0.5999999
      objectReference: {fileID: 0}
    m_RemovedComponents: []
  m_SourcePrefab: {fileID: 100100000, guid: 32e6f07b77da8ed4490239c43dad3858, type: 3}
--- !u!1 &73471774
GameObject:
  m_ObjectHideFlags: 0
  m_CorrespondingSourceObject: {fileID: 0}
  m_PrefabInstance: {fileID: 0}
  m_PrefabAsset: {fileID: 0}
  serializedVersion: 6
  m_Component:
  - component: {fileID: 73471775}
  - component: {fileID: 73471776}
  m_Layer: 0
  m_Name: Collider7
  m_TagString: Untagged
  m_Icon: {fileID: 0}
  m_NavMeshLayer: 0
  m_StaticEditorFlags: 0
  m_IsActive: 1
--- !u!4 &73471775
Transform:
  m_ObjectHideFlags: 0
  m_CorrespondingSourceObject: {fileID: 0}
  m_PrefabInstance: {fileID: 0}
  m_PrefabAsset: {fileID: 0}
  m_GameObject: {fileID: 73471774}
  m_LocalRotation: {x: -0, y: 0.0018743736, z: -0, w: 0.99999833}
  m_LocalPosition: {x: 152.5, y: 0, z: 189.20001}
  m_LocalScale: {x: 1, y: 1, z: 1}
  m_Children: []
  m_Father: {fileID: 87576087}
  m_RootOrder: 6
  m_LocalEulerAnglesHint: {x: 0, y: 0.215, z: 0}
--- !u!65 &73471776
BoxCollider:
  m_ObjectHideFlags: 0
  m_CorrespondingSourceObject: {fileID: 0}
  m_PrefabInstance: {fileID: 0}
  m_PrefabAsset: {fileID: 0}
  m_GameObject: {fileID: 73471774}
  m_Material: {fileID: 0}
  m_IsTrigger: 0
  m_Enabled: 1
  serializedVersion: 2
  m_Size: {x: 38.54682, y: 47.443054, z: 13.964603}
  m_Center: {x: -5.9631, y: 12.124878, z: 10.96691}
--- !u!1 &87576086
GameObject:
  m_ObjectHideFlags: 0
  m_CorrespondingSourceObject: {fileID: 0}
  m_PrefabInstance: {fileID: 0}
  m_PrefabAsset: {fileID: 0}
  serializedVersion: 6
  m_Component:
  - component: {fileID: 87576087}
  m_Layer: 0
  m_Name: CollidersMountains
  m_TagString: Untagged
  m_Icon: {fileID: 0}
  m_NavMeshLayer: 0
  m_StaticEditorFlags: 0
  m_IsActive: 1
--- !u!4 &87576087
Transform:
  m_ObjectHideFlags: 0
  m_CorrespondingSourceObject: {fileID: 0}
  m_PrefabInstance: {fileID: 0}
  m_PrefabAsset: {fileID: 0}
  m_GameObject: {fileID: 87576086}
  m_LocalRotation: {x: 0, y: 1, z: 0, w: 0}
  m_LocalPosition: {x: 235.6, y: 7.74, z: 231.6}
  m_LocalScale: {x: 1, y: 1, z: 1}
  m_Children:
  - {fileID: 1685817555}
  - {fileID: 644278093}
  - {fileID: 1673144925}
  - {fileID: 1188263731}
  - {fileID: 254236550}
  - {fileID: 900308715}
  - {fileID: 73471775}
  - {fileID: 137290752}
  - {fileID: 827053217}
  m_Father: {fileID: 2101739035}
  m_RootOrder: 4
  m_LocalEulerAnglesHint: {x: 0, y: 180, z: 0}
--- !u!1 &137290751
GameObject:
  m_ObjectHideFlags: 0
  m_CorrespondingSourceObject: {fileID: 0}
  m_PrefabInstance: {fileID: 0}
  m_PrefabAsset: {fileID: 0}
  serializedVersion: 6
  m_Component:
  - component: {fileID: 137290752}
  - component: {fileID: 137290753}
  m_Layer: 0
  m_Name: Collider8
  m_TagString: Untagged
  m_Icon: {fileID: 0}
  m_NavMeshLayer: 0
  m_StaticEditorFlags: 0
  m_IsActive: 1
--- !u!4 &137290752
Transform:
  m_ObjectHideFlags: 0
  m_CorrespondingSourceObject: {fileID: 0}
  m_PrefabInstance: {fileID: 0}
  m_PrefabAsset: {fileID: 0}
  m_GameObject: {fileID: 137290751}
  m_LocalRotation: {x: -0, y: 0.0018743736, z: -0, w: 0.99999833}
  m_LocalPosition: {x: 73.6, y: 0, z: 192}
  m_LocalScale: {x: 1, y: 1, z: 1}
  m_Children: []
  m_Father: {fileID: 87576087}
  m_RootOrder: 7
  m_LocalEulerAnglesHint: {x: 0, y: 0.215, z: 0}
--- !u!65 &137290753
BoxCollider:
  m_ObjectHideFlags: 0
  m_CorrespondingSourceObject: {fileID: 0}
  m_PrefabInstance: {fileID: 0}
  m_PrefabAsset: {fileID: 0}
  m_GameObject: {fileID: 137290751}
  m_Material: {fileID: 0}
  m_IsTrigger: 0
  m_Enabled: 1
  serializedVersion: 2
  m_Size: {x: 38.54682, y: 47.443054, z: 13.964603}
  m_Center: {x: -5.9631, y: 12.124878, z: 10.96691}
--- !u!1 &254236549
GameObject:
  m_ObjectHideFlags: 0
  m_CorrespondingSourceObject: {fileID: 0}
  m_PrefabInstance: {fileID: 0}
  m_PrefabAsset: {fileID: 0}
  serializedVersion: 6
  m_Component:
  - component: {fileID: 254236550}
  - component: {fileID: 254236551}
  m_Layer: 0
  m_Name: Collider5
  m_TagString: Untagged
  m_Icon: {fileID: 0}
  m_NavMeshLayer: 0
  m_StaticEditorFlags: 0
  m_IsActive: 1
--- !u!4 &254236550
Transform:
  m_ObjectHideFlags: 0
  m_CorrespondingSourceObject: {fileID: 0}
  m_PrefabInstance: {fileID: 0}
  m_PrefabAsset: {fileID: 0}
  m_GameObject: {fileID: 254236549}
  m_LocalRotation: {x: -0, y: 0.35065618, z: -0, w: 0.93650424}
  m_LocalPosition: {x: 188.4, y: -10.5, z: 182.8}
  m_LocalScale: {x: 1, y: 1, z: 1}
  m_Children: []
  m_Father: {fileID: 87576087}
  m_RootOrder: 4
  m_LocalEulerAnglesHint: {x: 0, y: 41.055, z: 0}
--- !u!65 &254236551
BoxCollider:
  m_ObjectHideFlags: 0
  m_CorrespondingSourceObject: {fileID: 0}
  m_PrefabInstance: {fileID: 0}
  m_PrefabAsset: {fileID: 0}
  m_GameObject: {fileID: 254236549}
  m_Material: {fileID: 0}
  m_IsTrigger: 0
  m_Enabled: 1
  serializedVersion: 2
  m_Size: {x: 83.950645, y: 26.767548, z: 26.77566}
  m_Center: {x: -9.151733, y: 12.883774, z: 4.561372}
--- !u!1001 &286780821
PrefabInstance:
  m_ObjectHideFlags: 0
  serializedVersion: 2
  m_Modification:
    m_TransformParent: {fileID: 0}
    m_Modifications:
    - target: {fileID: 472982091822664467, guid: 7704641ec8ca305468cbdcff051a56ce,
        type: 3}
      propertyPath: NextZone
      value: 
      objectReference: {fileID: 11400000, guid: 173fc98b2673b5f479bc2fd1f0b5ff69,
        type: 2}
    - target: {fileID: 472982091822664467, guid: 7704641ec8ca305468cbdcff051a56ce,
        type: 3}
      propertyPath: Zone
      value: 
      objectReference: {fileID: 11400000, guid: b3f62ff12e6abc543b0f98fe89dd30f6,
        type: 2}
    - target: {fileID: 912248523483965069, guid: 7704641ec8ca305468cbdcff051a56ce,
        type: 3}
      propertyPath: m_LocalPosition.z
      value: 248.4
      objectReference: {fileID: 0}
    - target: {fileID: 912248523483965069, guid: 7704641ec8ca305468cbdcff051a56ce,
        type: 3}
      propertyPath: m_LocalPosition.x
      value: 15.6
      objectReference: {fileID: 0}
    - target: {fileID: 978735449047239480, guid: 7704641ec8ca305468cbdcff051a56ce,
        type: 3}
      propertyPath: LevelZone
      value: 
      objectReference: {fileID: 11400000, guid: b3f62ff12e6abc543b0f98fe89dd30f6,
        type: 2}
    - target: {fileID: 1279780474010176357, guid: 7704641ec8ca305468cbdcff051a56ce,
        type: 3}
      propertyPath: m_LocalPosition.x
      value: 0
      objectReference: {fileID: 0}
    - target: {fileID: 1279780474010176357, guid: 7704641ec8ca305468cbdcff051a56ce,
        type: 3}
      propertyPath: m_LocalPosition.y
      value: 0
      objectReference: {fileID: 0}
    - target: {fileID: 1279780474010176357, guid: 7704641ec8ca305468cbdcff051a56ce,
        type: 3}
      propertyPath: m_LocalPosition.z
      value: 0
      objectReference: {fileID: 0}
    - target: {fileID: 1279780474010176357, guid: 7704641ec8ca305468cbdcff051a56ce,
        type: 3}
      propertyPath: m_LocalRotation.x
      value: 0
      objectReference: {fileID: 0}
    - target: {fileID: 1279780474010176357, guid: 7704641ec8ca305468cbdcff051a56ce,
        type: 3}
      propertyPath: m_LocalRotation.y
      value: 0
      objectReference: {fileID: 0}
    - target: {fileID: 1279780474010176357, guid: 7704641ec8ca305468cbdcff051a56ce,
        type: 3}
      propertyPath: m_LocalRotation.z
      value: 0
      objectReference: {fileID: 0}
    - target: {fileID: 1279780474010176357, guid: 7704641ec8ca305468cbdcff051a56ce,
        type: 3}
      propertyPath: m_LocalRotation.w
      value: 1
      objectReference: {fileID: 0}
    - target: {fileID: 1279780474010176357, guid: 7704641ec8ca305468cbdcff051a56ce,
        type: 3}
      propertyPath: m_RootOrder
      value: 14
      objectReference: {fileID: 0}
    - target: {fileID: 1279780474010176357, guid: 7704641ec8ca305468cbdcff051a56ce,
        type: 3}
      propertyPath: m_LocalEulerAnglesHint.x
      value: 0
      objectReference: {fileID: 0}
    - target: {fileID: 1279780474010176357, guid: 7704641ec8ca305468cbdcff051a56ce,
        type: 3}
      propertyPath: m_LocalEulerAnglesHint.y
      value: 0
      objectReference: {fileID: 0}
    - target: {fileID: 1279780474010176357, guid: 7704641ec8ca305468cbdcff051a56ce,
        type: 3}
      propertyPath: m_LocalEulerAnglesHint.z
      value: 0
      objectReference: {fileID: 0}
    - target: {fileID: 2030510147365917196, guid: 7704641ec8ca305468cbdcff051a56ce,
        type: 3}
      propertyPath: m_Name
      value: Level
      objectReference: {fileID: 0}
    - target: {fileID: 2955921965689885112, guid: 7704641ec8ca305468cbdcff051a56ce,
        type: 3}
      propertyPath: sceneNames.Array.size
      value: 1
      objectReference: {fileID: 0}
    - target: {fileID: 2955921965689885112, guid: 7704641ec8ca305468cbdcff051a56ce,
        type: 3}
      propertyPath: sceneNames.Array.data[0]
      value: "CaminoCaba\xF1aRuinas"
      objectReference: {fileID: 0}
    - target: {fileID: 4914251154765431677, guid: 7704641ec8ca305468cbdcff051a56ce,
        type: 3}
      propertyPath: m_LocalPosition.x
      value: 135.16
      objectReference: {fileID: 0}
    - target: {fileID: 4914251154765431677, guid: 7704641ec8ca305468cbdcff051a56ce,
        type: 3}
      propertyPath: m_LocalPosition.z
      value: 79.78
      objectReference: {fileID: 0}
    - target: {fileID: 4914251154765431677, guid: 7704641ec8ca305468cbdcff051a56ce,
        type: 3}
      propertyPath: m_LocalPosition.y
      value: 18.306
      objectReference: {fileID: 0}
    - target: {fileID: 5574330659402069292, guid: 7704641ec8ca305468cbdcff051a56ce,
        type: 3}
      propertyPath: m_Name
      value: "Edge To CaminoCaba\xF1aRuinas"
      objectReference: {fileID: 0}
    - target: {fileID: 7832464236830721111, guid: 7704641ec8ca305468cbdcff051a56ce,
        type: 3}
      propertyPath: m_Size.x
      value: 229.42572
      objectReference: {fileID: 0}
    - target: {fileID: 7832464236830721111, guid: 7704641ec8ca305468cbdcff051a56ce,
        type: 3}
      propertyPath: m_Center.x
      value: 114.21286
      objectReference: {fileID: 0}
    - target: {fileID: 7832464236830721111, guid: 7704641ec8ca305468cbdcff051a56ce,
        type: 3}
      propertyPath: m_Size.y
      value: 18.370693
      objectReference: {fileID: 0}
    - target: {fileID: 7832464236830721111, guid: 7704641ec8ca305468cbdcff051a56ce,
        type: 3}
      propertyPath: m_Center.y
      value: 8.685347
      objectReference: {fileID: 0}
    - target: {fileID: 7832464236830721111, guid: 7704641ec8ca305468cbdcff051a56ce,
        type: 3}
      propertyPath: m_Size.z
      value: 2.8154144
      objectReference: {fileID: 0}
    - target: {fileID: 7832464236830721111, guid: 7704641ec8ca305468cbdcff051a56ce,
        type: 3}
      propertyPath: m_Center.z
      value: -0.34513092
      objectReference: {fileID: 0}
    - target: {fileID: 8170807906068057224, guid: 7704641ec8ca305468cbdcff051a56ce,
        type: 3}
      propertyPath: nextSceneName
      value: "CaminoCaba\xF1aRuinas"
      objectReference: {fileID: 0}
    m_RemovedComponents: []
  m_SourcePrefab: {fileID: 100100000, guid: 7704641ec8ca305468cbdcff051a56ce, type: 3}
--- !u!4 &286780822 stripped
Transform:
  m_CorrespondingSourceObject: {fileID: 6007477353316198076, guid: 7704641ec8ca305468cbdcff051a56ce,
    type: 3}
  m_PrefabInstance: {fileID: 286780821}
  m_PrefabAsset: {fileID: 0}
--- !u!4 &286780823 stripped
Transform:
  m_CorrespondingSourceObject: {fileID: 359838100914583774, guid: 7704641ec8ca305468cbdcff051a56ce,
    type: 3}
  m_PrefabInstance: {fileID: 286780821}
  m_PrefabAsset: {fileID: 0}
--- !u!4 &286780824 stripped
Transform:
  m_CorrespondingSourceObject: {fileID: 5008510179116596018, guid: 7704641ec8ca305468cbdcff051a56ce,
    type: 3}
  m_PrefabInstance: {fileID: 286780821}
  m_PrefabAsset: {fileID: 0}
--- !u!4 &286780825 stripped
Transform:
  m_CorrespondingSourceObject: {fileID: 6717148448362536535, guid: 7704641ec8ca305468cbdcff051a56ce,
    type: 3}
  m_PrefabInstance: {fileID: 286780821}
  m_PrefabAsset: {fileID: 0}
--- !u!1 &302156204
GameObject:
  m_ObjectHideFlags: 0
  m_CorrespondingSourceObject: {fileID: 0}
  m_PrefabInstance: {fileID: 0}
  m_PrefabAsset: {fileID: 0}
  serializedVersion: 6
  m_Component:
  - component: {fileID: 302156205}
  - component: {fileID: 302156207}
  - component: {fileID: 302156206}
  m_Layer: 0
  m_Name: CollidersTutorial
  m_TagString: Untagged
  m_Icon: {fileID: 0}
  m_NavMeshLayer: 0
  m_StaticEditorFlags: 0
  m_IsActive: 1
--- !u!4 &302156205
Transform:
  m_ObjectHideFlags: 0
  m_CorrespondingSourceObject: {fileID: 0}
  m_PrefabInstance: {fileID: 0}
  m_PrefabAsset: {fileID: 0}
  m_GameObject: {fileID: 302156204}
  m_LocalRotation: {x: 0, y: 0, z: 0, w: 1}
  m_LocalPosition: {x: 132.8, y: 0, z: 240.02}
  m_LocalScale: {x: 1, y: 1, z: 1}
  m_Children: []
  m_Father: {fileID: 286780824}
  m_RootOrder: 1
  m_LocalEulerAnglesHint: {x: 0, y: 0, z: 0}
--- !u!114 &302156206
MonoBehaviour:
  m_ObjectHideFlags: 0
  m_CorrespondingSourceObject: {fileID: 0}
  m_PrefabInstance: {fileID: 0}
  m_PrefabAsset: {fileID: 0}
  m_GameObject: {fileID: 302156204}
  m_Enabled: 1
  m_EditorHideFlags: 0
  m_Script: {fileID: 11500000, guid: a086f181bebe82a4d8ee659b2473a2a5, type: 3}
  m_Name: 
  m_EditorClassIdentifier: 
--- !u!65 &302156207
BoxCollider:
  m_ObjectHideFlags: 0
  m_CorrespondingSourceObject: {fileID: 0}
  m_PrefabInstance: {fileID: 0}
  m_PrefabAsset: {fileID: 0}
  m_GameObject: {fileID: 302156204}
  m_Material: {fileID: 0}
  m_IsTrigger: 0
  m_Enabled: 1
  serializedVersion: 2
  m_Size: {x: 194.6633, y: 46.557037, z: 1.7023621}
  m_Center: {x: -15.505463, y: 20.679504, z: -0.35118103}
--- !u!1001 &410609594
PrefabInstance:
  m_ObjectHideFlags: 0
  serializedVersion: 2
  m_Modification:
    m_TransformParent: {fileID: 286780823}
    m_Modifications:
    - target: {fileID: 571022126665710737, guid: 29b6b65d7246a634f9e205a149c794c2,
        type: 3}
      propertyPath: m_AnchorMax.x
      value: 0
      objectReference: {fileID: 0}
    - target: {fileID: 571022126665710737, guid: 29b6b65d7246a634f9e205a149c794c2,
        type: 3}
      propertyPath: m_AnchorMax.y
      value: 0
      objectReference: {fileID: 0}
    - target: {fileID: 6542408157302011711, guid: 29b6b65d7246a634f9e205a149c794c2,
        type: 3}
      propertyPath: m_Name
      value: BasicBandit (3)
      objectReference: {fileID: 0}
    - target: {fileID: 6542408157302172447, guid: 29b6b65d7246a634f9e205a149c794c2,
        type: 3}
      propertyPath: m_LocalPosition.x
      value: 99.80464
      objectReference: {fileID: 0}
    - target: {fileID: 6542408157302172447, guid: 29b6b65d7246a634f9e205a149c794c2,
        type: 3}
      propertyPath: m_LocalPosition.y
      value: 2.4247553
      objectReference: {fileID: 0}
    - target: {fileID: 6542408157302172447, guid: 29b6b65d7246a634f9e205a149c794c2,
        type: 3}
      propertyPath: m_LocalPosition.z
      value: 227.363
      objectReference: {fileID: 0}
    - target: {fileID: 6542408157302172447, guid: 29b6b65d7246a634f9e205a149c794c2,
        type: 3}
      propertyPath: m_LocalRotation.x
      value: -0
      objectReference: {fileID: 0}
    - target: {fileID: 6542408157302172447, guid: 29b6b65d7246a634f9e205a149c794c2,
        type: 3}
      propertyPath: m_LocalRotation.y
      value: 1
      objectReference: {fileID: 0}
    - target: {fileID: 6542408157302172447, guid: 29b6b65d7246a634f9e205a149c794c2,
        type: 3}
      propertyPath: m_LocalRotation.z
      value: -0
      objectReference: {fileID: 0}
    - target: {fileID: 6542408157302172447, guid: 29b6b65d7246a634f9e205a149c794c2,
        type: 3}
      propertyPath: m_LocalRotation.w
      value: 0
      objectReference: {fileID: 0}
    - target: {fileID: 6542408157302172447, guid: 29b6b65d7246a634f9e205a149c794c2,
        type: 3}
      propertyPath: m_RootOrder
      value: 5
      objectReference: {fileID: 0}
    - target: {fileID: 6542408157302172447, guid: 29b6b65d7246a634f9e205a149c794c2,
        type: 3}
      propertyPath: m_LocalEulerAnglesHint.x
      value: 0
      objectReference: {fileID: 0}
    - target: {fileID: 6542408157302172447, guid: 29b6b65d7246a634f9e205a149c794c2,
        type: 3}
      propertyPath: m_LocalEulerAnglesHint.y
      value: 0
      objectReference: {fileID: 0}
    - target: {fileID: 6542408157302172447, guid: 29b6b65d7246a634f9e205a149c794c2,
        type: 3}
      propertyPath: m_LocalEulerAnglesHint.z
      value: 0
      objectReference: {fileID: 0}
    m_RemovedComponents: []
  m_SourcePrefab: {fileID: 100100000, guid: 29b6b65d7246a634f9e205a149c794c2, type: 3}
--- !u!1001 &464984505
PrefabInstance:
  m_ObjectHideFlags: 0
  serializedVersion: 2
  m_Modification:
    m_TransformParent: {fileID: 286780823}
    m_Modifications:
    - target: {fileID: 571022126665710737, guid: 29b6b65d7246a634f9e205a149c794c2,
        type: 3}
      propertyPath: m_AnchorMax.x
      value: 0
      objectReference: {fileID: 0}
    - target: {fileID: 571022126665710737, guid: 29b6b65d7246a634f9e205a149c794c2,
        type: 3}
      propertyPath: m_AnchorMax.y
      value: 0
      objectReference: {fileID: 0}
    - target: {fileID: 6542408157302011711, guid: 29b6b65d7246a634f9e205a149c794c2,
        type: 3}
      propertyPath: m_Name
      value: BasicBandit (7)
      objectReference: {fileID: 0}
    - target: {fileID: 6542408157302172447, guid: 29b6b65d7246a634f9e205a149c794c2,
        type: 3}
      propertyPath: m_LocalPosition.x
      value: 46.58185
      objectReference: {fileID: 0}
    - target: {fileID: 6542408157302172447, guid: 29b6b65d7246a634f9e205a149c794c2,
        type: 3}
      propertyPath: m_LocalPosition.y
      value: 0.78757095
      objectReference: {fileID: 0}
    - target: {fileID: 6542408157302172447, guid: 29b6b65d7246a634f9e205a149c794c2,
        type: 3}
      propertyPath: m_LocalPosition.z
      value: 167.02979
      objectReference: {fileID: 0}
    - target: {fileID: 6542408157302172447, guid: 29b6b65d7246a634f9e205a149c794c2,
        type: 3}
      propertyPath: m_LocalRotation.x
      value: -0
      objectReference: {fileID: 0}
    - target: {fileID: 6542408157302172447, guid: 29b6b65d7246a634f9e205a149c794c2,
        type: 3}
      propertyPath: m_LocalRotation.y
      value: 0.8840849
      objectReference: {fileID: 0}
    - target: {fileID: 6542408157302172447, guid: 29b6b65d7246a634f9e205a149c794c2,
        type: 3}
      propertyPath: m_LocalRotation.z
      value: -0
      objectReference: {fileID: 0}
    - target: {fileID: 6542408157302172447, guid: 29b6b65d7246a634f9e205a149c794c2,
        type: 3}
      propertyPath: m_LocalRotation.w
      value: 0.46732637
      objectReference: {fileID: 0}
    - target: {fileID: 6542408157302172447, guid: 29b6b65d7246a634f9e205a149c794c2,
        type: 3}
      propertyPath: m_RootOrder
      value: 1
      objectReference: {fileID: 0}
    - target: {fileID: 6542408157302172447, guid: 29b6b65d7246a634f9e205a149c794c2,
        type: 3}
      propertyPath: m_LocalEulerAnglesHint.x
      value: 0
      objectReference: {fileID: 0}
    - target: {fileID: 6542408157302172447, guid: 29b6b65d7246a634f9e205a149c794c2,
        type: 3}
      propertyPath: m_LocalEulerAnglesHint.y
      value: -55.722004
      objectReference: {fileID: 0}
    - target: {fileID: 6542408157302172447, guid: 29b6b65d7246a634f9e205a149c794c2,
        type: 3}
      propertyPath: m_LocalEulerAnglesHint.z
      value: 0
      objectReference: {fileID: 0}
    m_RemovedComponents: []
  m_SourcePrefab: {fileID: 100100000, guid: 29b6b65d7246a634f9e205a149c794c2, type: 3}
--- !u!1001 &571132021
PrefabInstance:
  m_ObjectHideFlags: 0
  serializedVersion: 2
  m_Modification:
    m_TransformParent: {fileID: 0}
    m_Modifications:
    - target: {fileID: 808995496278148273, guid: 52e88ca892c20d741a11178804b17e49,
        type: 3}
      propertyPath: m_LocalPosition.x
      value: 330.53076
      objectReference: {fileID: 0}
    - target: {fileID: 808995496278148273, guid: 52e88ca892c20d741a11178804b17e49,
        type: 3}
      propertyPath: m_LocalPosition.y
      value: -146.78125
      objectReference: {fileID: 0}
    - target: {fileID: 808995496278148273, guid: 52e88ca892c20d741a11178804b17e49,
        type: 3}
      propertyPath: m_LocalPosition.z
      value: 66.9375
      objectReference: {fileID: 0}
    - target: {fileID: 808995496278148273, guid: 52e88ca892c20d741a11178804b17e49,
        type: 3}
      propertyPath: m_LocalRotation.x
      value: 0
      objectReference: {fileID: 0}
    - target: {fileID: 808995496278148273, guid: 52e88ca892c20d741a11178804b17e49,
        type: 3}
      propertyPath: m_LocalRotation.y
      value: 0
      objectReference: {fileID: 0}
    - target: {fileID: 808995496278148273, guid: 52e88ca892c20d741a11178804b17e49,
        type: 3}
      propertyPath: m_LocalRotation.z
      value: 0
      objectReference: {fileID: 0}
    - target: {fileID: 808995496278148273, guid: 52e88ca892c20d741a11178804b17e49,
        type: 3}
      propertyPath: m_LocalRotation.w
      value: 1
      objectReference: {fileID: 0}
    - target: {fileID: 808995496278148273, guid: 52e88ca892c20d741a11178804b17e49,
        type: 3}
      propertyPath: m_RootOrder
      value: 4
      objectReference: {fileID: 0}
    - target: {fileID: 808995496278148273, guid: 52e88ca892c20d741a11178804b17e49,
        type: 3}
      propertyPath: m_LocalEulerAnglesHint.x
      value: 0
      objectReference: {fileID: 0}
    - target: {fileID: 808995496278148273, guid: 52e88ca892c20d741a11178804b17e49,
        type: 3}
      propertyPath: m_LocalEulerAnglesHint.y
      value: 0
      objectReference: {fileID: 0}
    - target: {fileID: 808995496278148273, guid: 52e88ca892c20d741a11178804b17e49,
        type: 3}
      propertyPath: m_LocalEulerAnglesHint.z
      value: 0
      objectReference: {fileID: 0}
    - target: {fileID: 808995496278148275, guid: 52e88ca892c20d741a11178804b17e49,
        type: 3}
      propertyPath: m_Name
      value: LoadingSceneManager
      objectReference: {fileID: 0}
    m_RemovedComponents: []
  m_SourcePrefab: {fileID: 100100000, guid: 52e88ca892c20d741a11178804b17e49, type: 3}
--- !u!1 &644278092
GameObject:
  m_ObjectHideFlags: 0
  m_CorrespondingSourceObject: {fileID: 0}
  m_PrefabInstance: {fileID: 0}
  m_PrefabAsset: {fileID: 0}
  serializedVersion: 6
  m_Component:
  - component: {fileID: 644278093}
  - component: {fileID: 644278094}
  m_Layer: 0
  m_Name: Collider2
  m_TagString: Untagged
  m_Icon: {fileID: 0}
  m_NavMeshLayer: 0
  m_StaticEditorFlags: 0
  m_IsActive: 1
--- !u!4 &644278093
Transform:
  m_ObjectHideFlags: 0
  m_CorrespondingSourceObject: {fileID: 0}
  m_PrefabInstance: {fileID: 0}
  m_PrefabAsset: {fileID: 0}
  m_GameObject: {fileID: 644278092}
  m_LocalRotation: {x: -0, y: -0, z: -0, w: 1}
  m_LocalPosition: {x: 9.1, y: 0, z: -11.7}
  m_LocalScale: {x: 1, y: 1, z: 1}
  m_Children: []
  m_Father: {fileID: 87576087}
  m_RootOrder: 1
  m_LocalEulerAnglesHint: {x: 0, y: 0, z: 0}
--- !u!65 &644278094
BoxCollider:
  m_ObjectHideFlags: 0
  m_CorrespondingSourceObject: {fileID: 0}
  m_PrefabInstance: {fileID: 0}
  m_PrefabAsset: {fileID: 0}
  m_GameObject: {fileID: 644278092}
  m_Material: {fileID: 0}
  m_IsTrigger: 0
  m_Enabled: 1
  serializedVersion: 2
  m_Size: {x: 28.891478, y: 23.878197, z: 80.95441}
  m_Center: {x: 4.368161, y: 0.87264633, z: 74.0484}
--- !u!1001 &687297071
PrefabInstance:
  m_ObjectHideFlags: 0
  serializedVersion: 2
  m_Modification:
    m_TransformParent: {fileID: 0}
    m_Modifications:
    - target: {fileID: 3795335384281195818, guid: 17d84887be296ef449d191e65bf939d5,
        type: 3}
      propertyPath: m_Name
      value: BehaviourManager
      objectReference: {fileID: 0}
    - target: {fileID: 8643532121946225449, guid: 17d84887be296ef449d191e65bf939d5,
        type: 3}
      propertyPath: m_LocalPosition.x
      value: 0
      objectReference: {fileID: 0}
    - target: {fileID: 8643532121946225449, guid: 17d84887be296ef449d191e65bf939d5,
        type: 3}
      propertyPath: m_LocalPosition.y
      value: 0
      objectReference: {fileID: 0}
    - target: {fileID: 8643532121946225449, guid: 17d84887be296ef449d191e65bf939d5,
        type: 3}
      propertyPath: m_LocalPosition.z
      value: 0
      objectReference: {fileID: 0}
    - target: {fileID: 8643532121946225449, guid: 17d84887be296ef449d191e65bf939d5,
        type: 3}
      propertyPath: m_LocalRotation.x
      value: 0
      objectReference: {fileID: 0}
    - target: {fileID: 8643532121946225449, guid: 17d84887be296ef449d191e65bf939d5,
        type: 3}
      propertyPath: m_LocalRotation.y
      value: 0
      objectReference: {fileID: 0}
    - target: {fileID: 8643532121946225449, guid: 17d84887be296ef449d191e65bf939d5,
        type: 3}
      propertyPath: m_LocalRotation.z
      value: 0
      objectReference: {fileID: 0}
    - target: {fileID: 8643532121946225449, guid: 17d84887be296ef449d191e65bf939d5,
        type: 3}
      propertyPath: m_LocalRotation.w
      value: 1
      objectReference: {fileID: 0}
    - target: {fileID: 8643532121946225449, guid: 17d84887be296ef449d191e65bf939d5,
        type: 3}
      propertyPath: m_RootOrder
      value: 1
      objectReference: {fileID: 0}
    - target: {fileID: 8643532121946225449, guid: 17d84887be296ef449d191e65bf939d5,
        type: 3}
      propertyPath: m_LocalEulerAnglesHint.x
      value: 0
      objectReference: {fileID: 0}
    - target: {fileID: 8643532121946225449, guid: 17d84887be296ef449d191e65bf939d5,
        type: 3}
      propertyPath: m_LocalEulerAnglesHint.y
      value: 0
      objectReference: {fileID: 0}
    - target: {fileID: 8643532121946225449, guid: 17d84887be296ef449d191e65bf939d5,
        type: 3}
      propertyPath: m_LocalEulerAnglesHint.z
      value: 0
      objectReference: {fileID: 0}
    m_RemovedComponents: []
  m_SourcePrefab: {fileID: 100100000, guid: 17d84887be296ef449d191e65bf939d5, type: 3}
--- !u!1001 &688266809
PrefabInstance:
  m_ObjectHideFlags: 0
  serializedVersion: 2
  m_Modification:
    m_TransformParent: {fileID: 0}
    m_Modifications:
    - target: {fileID: 3526720217708302592, guid: adfdf0a224da65749842b3930571e6a1,
        type: 3}
      propertyPath: m_LocalPosition.x
      value: 0
      objectReference: {fileID: 0}
    - target: {fileID: 3526720217708302592, guid: adfdf0a224da65749842b3930571e6a1,
        type: 3}
      propertyPath: m_LocalPosition.y
      value: 0
      objectReference: {fileID: 0}
    - target: {fileID: 3526720217708302592, guid: adfdf0a224da65749842b3930571e6a1,
        type: 3}
      propertyPath: m_LocalPosition.z
      value: 0
      objectReference: {fileID: 0}
    - target: {fileID: 3526720217708302592, guid: adfdf0a224da65749842b3930571e6a1,
        type: 3}
      propertyPath: m_LocalRotation.x
      value: 0
      objectReference: {fileID: 0}
    - target: {fileID: 3526720217708302592, guid: adfdf0a224da65749842b3930571e6a1,
        type: 3}
      propertyPath: m_LocalRotation.y
      value: 0
      objectReference: {fileID: 0}
    - target: {fileID: 3526720217708302592, guid: adfdf0a224da65749842b3930571e6a1,
        type: 3}
      propertyPath: m_LocalRotation.z
      value: 0
      objectReference: {fileID: 0}
    - target: {fileID: 3526720217708302592, guid: adfdf0a224da65749842b3930571e6a1,
        type: 3}
      propertyPath: m_LocalRotation.w
      value: 1
      objectReference: {fileID: 0}
    - target: {fileID: 3526720217708302592, guid: adfdf0a224da65749842b3930571e6a1,
        type: 3}
      propertyPath: m_RootOrder
      value: 7
      objectReference: {fileID: 0}
    - target: {fileID: 3526720217708302592, guid: adfdf0a224da65749842b3930571e6a1,
        type: 3}
      propertyPath: m_LocalEulerAnglesHint.x
      value: 0
      objectReference: {fileID: 0}
    - target: {fileID: 3526720217708302592, guid: adfdf0a224da65749842b3930571e6a1,
        type: 3}
      propertyPath: m_LocalEulerAnglesHint.y
      value: 0
      objectReference: {fileID: 0}
    - target: {fileID: 3526720217708302592, guid: adfdf0a224da65749842b3930571e6a1,
        type: 3}
      propertyPath: m_LocalEulerAnglesHint.z
      value: 0
      objectReference: {fileID: 0}
    - target: {fileID: 3526720217708302595, guid: adfdf0a224da65749842b3930571e6a1,
        type: 3}
      propertyPath: m_Name
      value: QuestManager
      objectReference: {fileID: 0}
    m_RemovedComponents: []
  m_SourcePrefab: {fileID: 100100000, guid: adfdf0a224da65749842b3930571e6a1, type: 3}
--- !u!1001 &786159919
PrefabInstance:
  m_ObjectHideFlags: 0
  serializedVersion: 2
  m_Modification:
    m_TransformParent: {fileID: 0}
    m_Modifications:
    - target: {fileID: 8172479796857160032, guid: 1a5a8a1aa10e6614b989f96cabb6a8c5,
        type: 3}
      propertyPath: m_Name
      value: MatchManager
      objectReference: {fileID: 0}
    - target: {fileID: 8172479796857160046, guid: 1a5a8a1aa10e6614b989f96cabb6a8c5,
        type: 3}
      propertyPath: m_LocalPosition.x
      value: 0.38189697
      objectReference: {fileID: 0}
    - target: {fileID: 8172479796857160046, guid: 1a5a8a1aa10e6614b989f96cabb6a8c5,
        type: 3}
      propertyPath: m_LocalPosition.y
      value: 0.67907715
      objectReference: {fileID: 0}
    - target: {fileID: 8172479796857160046, guid: 1a5a8a1aa10e6614b989f96cabb6a8c5,
        type: 3}
      propertyPath: m_LocalPosition.z
      value: -1.0234375
      objectReference: {fileID: 0}
    - target: {fileID: 8172479796857160046, guid: 1a5a8a1aa10e6614b989f96cabb6a8c5,
        type: 3}
      propertyPath: m_LocalRotation.x
      value: 0
      objectReference: {fileID: 0}
    - target: {fileID: 8172479796857160046, guid: 1a5a8a1aa10e6614b989f96cabb6a8c5,
        type: 3}
      propertyPath: m_LocalRotation.y
      value: 0
      objectReference: {fileID: 0}
    - target: {fileID: 8172479796857160046, guid: 1a5a8a1aa10e6614b989f96cabb6a8c5,
        type: 3}
      propertyPath: m_LocalRotation.z
      value: 0
      objectReference: {fileID: 0}
    - target: {fileID: 8172479796857160046, guid: 1a5a8a1aa10e6614b989f96cabb6a8c5,
        type: 3}
      propertyPath: m_LocalRotation.w
      value: 1
      objectReference: {fileID: 0}
    - target: {fileID: 8172479796857160046, guid: 1a5a8a1aa10e6614b989f96cabb6a8c5,
        type: 3}
      propertyPath: m_RootOrder
      value: 6
      objectReference: {fileID: 0}
    - target: {fileID: 8172479796857160046, guid: 1a5a8a1aa10e6614b989f96cabb6a8c5,
        type: 3}
      propertyPath: m_LocalEulerAnglesHint.x
      value: 0
      objectReference: {fileID: 0}
    - target: {fileID: 8172479796857160046, guid: 1a5a8a1aa10e6614b989f96cabb6a8c5,
        type: 3}
      propertyPath: m_LocalEulerAnglesHint.y
      value: 0
      objectReference: {fileID: 0}
    - target: {fileID: 8172479796857160046, guid: 1a5a8a1aa10e6614b989f96cabb6a8c5,
        type: 3}
      propertyPath: m_LocalEulerAnglesHint.z
      value: 0
      objectReference: {fileID: 0}
    m_RemovedComponents: []
  m_SourcePrefab: {fileID: 100100000, guid: 1a5a8a1aa10e6614b989f96cabb6a8c5, type: 3}
--- !u!1001 &790416480
PrefabInstance:
  m_ObjectHideFlags: 0
  serializedVersion: 2
  m_Modification:
    m_TransformParent: {fileID: 0}
    m_Modifications:
    - target: {fileID: 131946279793633735, guid: db4a0a61511fcde41aadbbb6f6a97d39,
        type: 3}
      propertyPath: m_LocalPosition.x
      value: 0
      objectReference: {fileID: 0}
    - target: {fileID: 131946279793633735, guid: db4a0a61511fcde41aadbbb6f6a97d39,
        type: 3}
      propertyPath: m_LocalPosition.y
      value: 0
      objectReference: {fileID: 0}
    - target: {fileID: 131946279793633735, guid: db4a0a61511fcde41aadbbb6f6a97d39,
        type: 3}
      propertyPath: m_LocalPosition.z
      value: 0
      objectReference: {fileID: 0}
    - target: {fileID: 131946279793633735, guid: db4a0a61511fcde41aadbbb6f6a97d39,
        type: 3}
      propertyPath: m_LocalRotation.x
      value: 0
      objectReference: {fileID: 0}
    - target: {fileID: 131946279793633735, guid: db4a0a61511fcde41aadbbb6f6a97d39,
        type: 3}
      propertyPath: m_LocalRotation.y
      value: 0
      objectReference: {fileID: 0}
    - target: {fileID: 131946279793633735, guid: db4a0a61511fcde41aadbbb6f6a97d39,
        type: 3}
      propertyPath: m_LocalRotation.z
      value: 0
      objectReference: {fileID: 0}
    - target: {fileID: 131946279793633735, guid: db4a0a61511fcde41aadbbb6f6a97d39,
        type: 3}
      propertyPath: m_LocalRotation.w
      value: 1
      objectReference: {fileID: 0}
    - target: {fileID: 131946279793633735, guid: db4a0a61511fcde41aadbbb6f6a97d39,
        type: 3}
      propertyPath: m_RootOrder
      value: 2
      objectReference: {fileID: 0}
    - target: {fileID: 131946279793633735, guid: db4a0a61511fcde41aadbbb6f6a97d39,
        type: 3}
      propertyPath: m_LocalEulerAnglesHint.x
      value: 0
      objectReference: {fileID: 0}
    - target: {fileID: 131946279793633735, guid: db4a0a61511fcde41aadbbb6f6a97d39,
        type: 3}
      propertyPath: m_LocalEulerAnglesHint.y
      value: 0
      objectReference: {fileID: 0}
    - target: {fileID: 131946279793633735, guid: db4a0a61511fcde41aadbbb6f6a97d39,
        type: 3}
      propertyPath: m_LocalEulerAnglesHint.z
      value: 0
      objectReference: {fileID: 0}
    - target: {fileID: 4560988862514329214, guid: db4a0a61511fcde41aadbbb6f6a97d39,
        type: 3}
      propertyPath: m_Name
      value: GameManager
      objectReference: {fileID: 0}
    m_RemovedComponents: []
  m_SourcePrefab: {fileID: 100100000, guid: db4a0a61511fcde41aadbbb6f6a97d39, type: 3}
--- !u!1 &827053216
GameObject:
  m_ObjectHideFlags: 0
  m_CorrespondingSourceObject: {fileID: 0}
  m_PrefabInstance: {fileID: 0}
  m_PrefabAsset: {fileID: 0}
  serializedVersion: 6
  m_Component:
  - component: {fileID: 827053217}
  - component: {fileID: 827053218}
  m_Layer: 0
  m_Name: Collider9
  m_TagString: Untagged
  m_Icon: {fileID: 0}
  m_NavMeshLayer: 0
  m_StaticEditorFlags: 0
  m_IsActive: 1
--- !u!4 &827053217
Transform:
  m_ObjectHideFlags: 0
  m_CorrespondingSourceObject: {fileID: 0}
  m_PrefabInstance: {fileID: 0}
  m_PrefabAsset: {fileID: 0}
  m_GameObject: {fileID: 827053216}
  m_LocalRotation: {x: -0, y: 0.3506562, z: -0, w: 0.9365043}
  m_LocalPosition: {x: 181.9, y: -10.5, z: 175.3}
  m_LocalScale: {x: 1, y: 1, z: 1}
  m_Children: []
  m_Father: {fileID: 87576087}
  m_RootOrder: 8
  m_LocalEulerAnglesHint: {x: 0, y: 41.055, z: 0}
--- !u!65 &827053218
BoxCollider:
  m_ObjectHideFlags: 0
  m_CorrespondingSourceObject: {fileID: 0}
  m_PrefabInstance: {fileID: 0}
  m_PrefabAsset: {fileID: 0}
  m_GameObject: {fileID: 827053216}
  m_Material: {fileID: 0}
  m_IsTrigger: 0
  m_Enabled: 1
  serializedVersion: 2
  m_Size: {x: 27.499306, y: 26.767548, z: 26.775661}
  m_Center: {x: -9.3645525, y: 12.883617, z: 4.561343}
--- !u!1001 &893705460
PrefabInstance:
  m_ObjectHideFlags: 0
  serializedVersion: 2
  m_Modification:
    m_TransformParent: {fileID: 0}
    m_Modifications:
    - target: {fileID: 3716721682050650788, guid: 299c6241c0253064ab46ee5f9c52bba4,
        type: 3}
      propertyPath: m_Name
      value: AchievementManager
      objectReference: {fileID: 0}
    - target: {fileID: 3716721682050650790, guid: 299c6241c0253064ab46ee5f9c52bba4,
        type: 3}
      propertyPath: m_LocalPosition.x
      value: 0
      objectReference: {fileID: 0}
    - target: {fileID: 3716721682050650790, guid: 299c6241c0253064ab46ee5f9c52bba4,
        type: 3}
      propertyPath: m_LocalPosition.y
      value: 0
      objectReference: {fileID: 0}
    - target: {fileID: 3716721682050650790, guid: 299c6241c0253064ab46ee5f9c52bba4,
        type: 3}
      propertyPath: m_LocalPosition.z
      value: 0
      objectReference: {fileID: 0}
    - target: {fileID: 3716721682050650790, guid: 299c6241c0253064ab46ee5f9c52bba4,
        type: 3}
      propertyPath: m_LocalRotation.x
      value: 0
      objectReference: {fileID: 0}
    - target: {fileID: 3716721682050650790, guid: 299c6241c0253064ab46ee5f9c52bba4,
        type: 3}
      propertyPath: m_LocalRotation.y
      value: 0
      objectReference: {fileID: 0}
    - target: {fileID: 3716721682050650790, guid: 299c6241c0253064ab46ee5f9c52bba4,
        type: 3}
      propertyPath: m_LocalRotation.z
      value: 0
      objectReference: {fileID: 0}
    - target: {fileID: 3716721682050650790, guid: 299c6241c0253064ab46ee5f9c52bba4,
        type: 3}
      propertyPath: m_LocalRotation.w
      value: 1
      objectReference: {fileID: 0}
    - target: {fileID: 3716721682050650790, guid: 299c6241c0253064ab46ee5f9c52bba4,
        type: 3}
      propertyPath: m_RootOrder
      value: 0
      objectReference: {fileID: 0}
    - target: {fileID: 3716721682050650790, guid: 299c6241c0253064ab46ee5f9c52bba4,
        type: 3}
      propertyPath: m_LocalEulerAnglesHint.x
      value: 0
      objectReference: {fileID: 0}
    - target: {fileID: 3716721682050650790, guid: 299c6241c0253064ab46ee5f9c52bba4,
        type: 3}
      propertyPath: m_LocalEulerAnglesHint.y
      value: 0
      objectReference: {fileID: 0}
    - target: {fileID: 3716721682050650790, guid: 299c6241c0253064ab46ee5f9c52bba4,
        type: 3}
      propertyPath: m_LocalEulerAnglesHint.z
      value: 0
      objectReference: {fileID: 0}
    m_RemovedComponents: []
  m_SourcePrefab: {fileID: 100100000, guid: 299c6241c0253064ab46ee5f9c52bba4, type: 3}
--- !u!1 &900308714
GameObject:
  m_ObjectHideFlags: 0
  m_CorrespondingSourceObject: {fileID: 0}
  m_PrefabInstance: {fileID: 0}
  m_PrefabAsset: {fileID: 0}
  serializedVersion: 6
  m_Component:
  - component: {fileID: 900308715}
  - component: {fileID: 900308716}
  m_Layer: 0
  m_Name: Collider6
  m_TagString: Untagged
  m_Icon: {fileID: 0}
  m_NavMeshLayer: 0
  m_StaticEditorFlags: 0
  m_IsActive: 1
--- !u!4 &900308715
Transform:
  m_ObjectHideFlags: 0
  m_CorrespondingSourceObject: {fileID: 0}
  m_PrefabInstance: {fileID: 0}
  m_PrefabAsset: {fileID: 0}
  m_GameObject: {fileID: 900308714}
  m_LocalRotation: {x: -0, y: 0.0018743736, z: -0, w: 0.99999833}
  m_LocalPosition: {x: 152.51752, y: 0, z: 200.93228}
  m_LocalScale: {x: 1, y: 1, z: 1}
  m_Children: []
  m_Father: {fileID: 87576087}
  m_RootOrder: 5
  m_LocalEulerAnglesHint: {x: 0, y: 0.215, z: 0}
--- !u!65 &900308716
BoxCollider:
  m_ObjectHideFlags: 0
  m_CorrespondingSourceObject: {fileID: 0}
  m_PrefabInstance: {fileID: 0}
  m_PrefabAsset: {fileID: 0}
  m_GameObject: {fileID: 900308714}
  m_Material: {fileID: 0}
  m_IsTrigger: 0
  m_Enabled: 1
  serializedVersion: 2
  m_Size: {x: 218.80557, y: 47.443054, z: 13.964604}
  m_Center: {x: -33.278385, y: 12.124878, z: 10.966918}
--- !u!1 &920359947
GameObject:
  m_ObjectHideFlags: 0
  m_CorrespondingSourceObject: {fileID: 0}
  m_PrefabInstance: {fileID: 0}
  m_PrefabAsset: {fileID: 0}
  serializedVersion: 6
  m_Component:
  - component: {fileID: 920359950}
  - component: {fileID: 920359949}
  - component: {fileID: 920359948}
  m_Layer: 9
  m_Name: "BosqueCaba\xF1a"
  m_TagString: Untagged
  m_Icon: {fileID: 0}
  m_NavMeshLayer: 0
  m_StaticEditorFlags: 4294967295
  m_IsActive: 1
--- !u!154 &920359948
TerrainCollider:
  m_ObjectHideFlags: 0
  m_CorrespondingSourceObject: {fileID: 0}
  m_PrefabInstance: {fileID: 0}
  m_PrefabAsset: {fileID: 0}
  m_GameObject: {fileID: 920359947}
  m_Material: {fileID: 0}
  m_Enabled: 1
  m_TerrainData: {fileID: 15600000, guid: 5b58e5380f389ce4c94f25d7ff62a251, type: 2}
  m_EnableTreeColliders: 1
--- !u!218 &920359949
Terrain:
  m_ObjectHideFlags: 0
  m_CorrespondingSourceObject: {fileID: 0}
  m_PrefabInstance: {fileID: 0}
  m_PrefabAsset: {fileID: 0}
  m_GameObject: {fileID: 920359947}
  m_Enabled: 1
  serializedVersion: 3
  m_TerrainData: {fileID: 15600000, guid: 5b58e5380f389ce4c94f25d7ff62a251, type: 2}
  m_TreeDistance: 5000
  m_TreeBillboardDistance: 50
  m_TreeCrossFadeLength: 5
  m_TreeMaximumFullLODCount: 50
  m_DetailObjectDistance: 80
  m_DetailObjectDensity: 1
  m_HeightmapPixelError: 5
  m_SplatMapDistance: 1000
  m_HeightmapMaximumLOD: 0
  m_CastShadows: 1
  m_DrawHeightmap: 1
  m_DrawInstanced: 0
  m_DrawTreesAndFoliage: 1
  m_ReflectionProbeUsage: 1
  m_MaterialType: 0
  m_LegacySpecular:
    serializedVersion: 2
    rgba: 4286545791
  m_LegacyShininess: 0.078125
  m_MaterialTemplate: {fileID: 0}
  m_BakeLightProbesForTrees: 1
  m_PreserveTreePrototypeLayers: 0
  m_DeringLightProbesForTrees: 0
  m_ScaleInLightmap: 0.0512
  m_LightmapParameters: {fileID: 15203, guid: 0000000000000000f000000000000000, type: 0}
  m_GroupingID: 0
  m_AllowAutoConnect: 1
--- !u!4 &920359950
Transform:
  m_ObjectHideFlags: 0
  m_CorrespondingSourceObject: {fileID: 0}
  m_PrefabInstance: {fileID: 0}
  m_PrefabAsset: {fileID: 0}
  m_GameObject: {fileID: 920359947}
  m_LocalRotation: {x: -0, y: -0, z: -0, w: 1}
  m_LocalPosition: {x: 0, y: 0, z: 0}
  m_LocalScale: {x: 1, y: 1, z: 1}
  m_Children: []
  m_Father: {fileID: 286780822}
  m_RootOrder: 0
  m_LocalEulerAnglesHint: {x: 0, y: 0, z: 0}
--- !u!1001 &987624025
PrefabInstance:
  m_ObjectHideFlags: 0
  serializedVersion: 2
  m_Modification:
    m_TransformParent: {fileID: 286780825}
    m_Modifications:
    - target: {fileID: 114324667498845526, guid: 4f6491bfd086a744a9c84bd7261d51c7,
        type: 3}
      propertyPath: Interaction
      value: 
      objectReference: {fileID: 11400000, guid: f41b883464f70f8498e2375bc28db9c3,
        type: 2}
    - target: {fileID: 2695012848271726650, guid: 4f6491bfd086a744a9c84bd7261d51c7,
        type: 3}
      propertyPath: m_LocalPosition.x
      value: 131.05293
      objectReference: {fileID: 0}
    - target: {fileID: 2695012848271726650, guid: 4f6491bfd086a744a9c84bd7261d51c7,
        type: 3}
      propertyPath: m_LocalPosition.y
      value: 18.266045
      objectReference: {fileID: 0}
    - target: {fileID: 2695012848271726650, guid: 4f6491bfd086a744a9c84bd7261d51c7,
        type: 3}
      propertyPath: m_LocalPosition.z
      value: 84.224205
      objectReference: {fileID: 0}
    - target: {fileID: 2695012848271726650, guid: 4f6491bfd086a744a9c84bd7261d51c7,
        type: 3}
      propertyPath: m_LocalRotation.x
      value: -0
      objectReference: {fileID: 0}
    - target: {fileID: 2695012848271726650, guid: 4f6491bfd086a744a9c84bd7261d51c7,
        type: 3}
      propertyPath: m_LocalRotation.y
      value: -0
      objectReference: {fileID: 0}
    - target: {fileID: 2695012848271726650, guid: 4f6491bfd086a744a9c84bd7261d51c7,
        type: 3}
      propertyPath: m_LocalRotation.z
      value: -0
      objectReference: {fileID: 0}
    - target: {fileID: 2695012848271726650, guid: 4f6491bfd086a744a9c84bd7261d51c7,
        type: 3}
      propertyPath: m_LocalRotation.w
      value: 1
      objectReference: {fileID: 0}
    - target: {fileID: 2695012848271726650, guid: 4f6491bfd086a744a9c84bd7261d51c7,
        type: 3}
      propertyPath: m_RootOrder
      value: 0
      objectReference: {fileID: 0}
    - target: {fileID: 2695012848271726650, guid: 4f6491bfd086a744a9c84bd7261d51c7,
        type: 3}
      propertyPath: m_LocalEulerAnglesHint.x
      value: 0
      objectReference: {fileID: 0}
    - target: {fileID: 2695012848271726650, guid: 4f6491bfd086a744a9c84bd7261d51c7,
        type: 3}
      propertyPath: m_LocalEulerAnglesHint.y
      value: 0
      objectReference: {fileID: 0}
    - target: {fileID: 2695012848271726650, guid: 4f6491bfd086a744a9c84bd7261d51c7,
        type: 3}
      propertyPath: m_LocalEulerAnglesHint.z
      value: 0
      objectReference: {fileID: 0}
    - target: {fileID: 2695012848272016410, guid: 4f6491bfd086a744a9c84bd7261d51c7,
        type: 3}
      propertyPath: m_Name
      value: CheckPoint
      objectReference: {fileID: 0}
    m_RemovedComponents: []
  m_SourcePrefab: {fileID: 100100000, guid: 4f6491bfd086a744a9c84bd7261d51c7, type: 3}
--- !u!1001 &1002558972
PrefabInstance:
  m_ObjectHideFlags: 0
  serializedVersion: 2
  m_Modification:
    m_TransformParent: {fileID: 286780824}
    m_Modifications:
    - target: {fileID: 93212939919253493, guid: 4d18162c66ae1fd4aa7de73d4349b84b,
        type: 3}
      propertyPath: m_Size.z
      value: 0.63177544
      objectReference: {fileID: 0}
    - target: {fileID: 93212939919253493, guid: 4d18162c66ae1fd4aa7de73d4349b84b,
        type: 3}
      propertyPath: m_Center.x
      value: -0.0014166832
      objectReference: {fileID: 0}
    - target: {fileID: 93212939919253493, guid: 4d18162c66ae1fd4aa7de73d4349b84b,
        type: 3}
      propertyPath: m_Center.z
      value: 0.044688385
      objectReference: {fileID: 0}
    - target: {fileID: 93212939919253493, guid: 4d18162c66ae1fd4aa7de73d4349b84b,
        type: 3}
      propertyPath: m_Size.x
      value: 0.51894516
      objectReference: {fileID: 0}
    - target: {fileID: 93212940434418021, guid: 4d18162c66ae1fd4aa7de73d4349b84b,
        type: 3}
      propertyPath: m_Name
      value: WoodenCabinFbx
      objectReference: {fileID: 0}
    - target: {fileID: 93212940434912581, guid: 4d18162c66ae1fd4aa7de73d4349b84b,
        type: 3}
      propertyPath: m_LocalPosition.x
      value: 133.4
      objectReference: {fileID: 0}
    - target: {fileID: 93212940434912581, guid: 4d18162c66ae1fd4aa7de73d4349b84b,
        type: 3}
      propertyPath: m_LocalPosition.y
      value: 18.293352
      objectReference: {fileID: 0}
    - target: {fileID: 93212940434912581, guid: 4d18162c66ae1fd4aa7de73d4349b84b,
        type: 3}
      propertyPath: m_LocalPosition.z
      value: 69.9
      objectReference: {fileID: 0}
    - target: {fileID: 93212940434912581, guid: 4d18162c66ae1fd4aa7de73d4349b84b,
        type: 3}
      propertyPath: m_LocalRotation.x
      value: 0
      objectReference: {fileID: 0}
    - target: {fileID: 93212940434912581, guid: 4d18162c66ae1fd4aa7de73d4349b84b,
        type: 3}
      propertyPath: m_LocalRotation.y
      value: 0
      objectReference: {fileID: 0}
    - target: {fileID: 93212940434912581, guid: 4d18162c66ae1fd4aa7de73d4349b84b,
        type: 3}
      propertyPath: m_LocalRotation.z
      value: 0
      objectReference: {fileID: 0}
    - target: {fileID: 93212940434912581, guid: 4d18162c66ae1fd4aa7de73d4349b84b,
        type: 3}
      propertyPath: m_LocalRotation.w
      value: 1
      objectReference: {fileID: 0}
    - target: {fileID: 93212940434912581, guid: 4d18162c66ae1fd4aa7de73d4349b84b,
        type: 3}
      propertyPath: m_RootOrder
      value: 0
      objectReference: {fileID: 0}
    - target: {fileID: 93212940434912581, guid: 4d18162c66ae1fd4aa7de73d4349b84b,
        type: 3}
      propertyPath: m_LocalEulerAnglesHint.x
      value: 0
      objectReference: {fileID: 0}
    - target: {fileID: 93212940434912581, guid: 4d18162c66ae1fd4aa7de73d4349b84b,
        type: 3}
      propertyPath: m_LocalEulerAnglesHint.y
      value: 0
      objectReference: {fileID: 0}
    - target: {fileID: 93212940434912581, guid: 4d18162c66ae1fd4aa7de73d4349b84b,
        type: 3}
      propertyPath: m_LocalEulerAnglesHint.z
      value: 0
      objectReference: {fileID: 0}
    m_RemovedComponents: []
  m_SourcePrefab: {fileID: 100100000, guid: 4d18162c66ae1fd4aa7de73d4349b84b, type: 3}
--- !u!1001 &1082374777
PrefabInstance:
  m_ObjectHideFlags: 0
  serializedVersion: 2
  m_Modification:
    m_TransformParent: {fileID: 0}
    m_Modifications:
    - target: {fileID: 5389287978735928848, guid: 9d9d186b3661ce947b6a8d7c27ba1f40,
        type: 3}
      propertyPath: m_Name
      value: JournalEntryManager
      objectReference: {fileID: 0}
    - target: {fileID: 5389287978735928850, guid: 9d9d186b3661ce947b6a8d7c27ba1f40,
        type: 3}
      propertyPath: m_LocalPosition.x
      value: 0
      objectReference: {fileID: 0}
    - target: {fileID: 5389287978735928850, guid: 9d9d186b3661ce947b6a8d7c27ba1f40,
        type: 3}
      propertyPath: m_LocalPosition.y
      value: 0
      objectReference: {fileID: 0}
    - target: {fileID: 5389287978735928850, guid: 9d9d186b3661ce947b6a8d7c27ba1f40,
        type: 3}
      propertyPath: m_LocalPosition.z
      value: 0
      objectReference: {fileID: 0}
    - target: {fileID: 5389287978735928850, guid: 9d9d186b3661ce947b6a8d7c27ba1f40,
        type: 3}
      propertyPath: m_LocalRotation.x
      value: 0
      objectReference: {fileID: 0}
    - target: {fileID: 5389287978735928850, guid: 9d9d186b3661ce947b6a8d7c27ba1f40,
        type: 3}
      propertyPath: m_LocalRotation.y
      value: 0
      objectReference: {fileID: 0}
    - target: {fileID: 5389287978735928850, guid: 9d9d186b3661ce947b6a8d7c27ba1f40,
        type: 3}
      propertyPath: m_LocalRotation.z
      value: 0
      objectReference: {fileID: 0}
    - target: {fileID: 5389287978735928850, guid: 9d9d186b3661ce947b6a8d7c27ba1f40,
        type: 3}
      propertyPath: m_LocalRotation.w
      value: 1
      objectReference: {fileID: 0}
    - target: {fileID: 5389287978735928850, guid: 9d9d186b3661ce947b6a8d7c27ba1f40,
        type: 3}
      propertyPath: m_RootOrder
      value: 10
      objectReference: {fileID: 0}
    - target: {fileID: 5389287978735928850, guid: 9d9d186b3661ce947b6a8d7c27ba1f40,
        type: 3}
      propertyPath: m_LocalEulerAnglesHint.x
      value: 0
      objectReference: {fileID: 0}
    - target: {fileID: 5389287978735928850, guid: 9d9d186b3661ce947b6a8d7c27ba1f40,
        type: 3}
      propertyPath: m_LocalEulerAnglesHint.y
      value: 0
      objectReference: {fileID: 0}
    - target: {fileID: 5389287978735928850, guid: 9d9d186b3661ce947b6a8d7c27ba1f40,
        type: 3}
      propertyPath: m_LocalEulerAnglesHint.z
      value: 0
      objectReference: {fileID: 0}
    m_RemovedComponents: []
  m_SourcePrefab: {fileID: 100100000, guid: 9d9d186b3661ce947b6a8d7c27ba1f40, type: 3}
--- !u!1 &1188263730
GameObject:
  m_ObjectHideFlags: 0
  m_CorrespondingSourceObject: {fileID: 0}
  m_PrefabInstance: {fileID: 0}
  m_PrefabAsset: {fileID: 0}
  serializedVersion: 6
  m_Component:
  - component: {fileID: 1188263731}
  - component: {fileID: 1188263732}
  m_Layer: 0
  m_Name: Collider4
  m_TagString: Untagged
  m_Icon: {fileID: 0}
  m_NavMeshLayer: 0
  m_StaticEditorFlags: 0
  m_IsActive: 1
--- !u!4 &1188263731
Transform:
  m_ObjectHideFlags: 0
  m_CorrespondingSourceObject: {fileID: 0}
  m_PrefabInstance: {fileID: 0}
  m_PrefabAsset: {fileID: 0}
  m_GameObject: {fileID: 1188263730}
  m_LocalRotation: {x: -0, y: -0, z: -0, w: 1}
  m_LocalPosition: {x: 208.8, y: 0, z: 0}
  m_LocalScale: {x: 1, y: 1, z: 1}
  m_Children: []
  m_Father: {fileID: 87576087}
  m_RootOrder: 3
  m_LocalEulerAnglesHint: {x: 0, y: 0, z: 0}
--- !u!65 &1188263732
BoxCollider:
  m_ObjectHideFlags: 0
  m_CorrespondingSourceObject: {fileID: 0}
  m_PrefabInstance: {fileID: 0}
  m_PrefabAsset: {fileID: 0}
  m_GameObject: {fileID: 1188263730}
  m_Material: {fileID: 0}
  m_IsTrigger: 0
  m_Enabled: 1
  serializedVersion: 2
  m_Size: {x: 28.891478, y: 23.878197, z: 251.55313}
  m_Center: {x: 4.368161, y: 0.87264633, z: 108.17456}
--- !u!1001 &1247101740
PrefabInstance:
  m_ObjectHideFlags: 0
  serializedVersion: 2
  m_Modification:
    m_TransformParent: {fileID: 0}
    m_Modifications:
    - target: {fileID: 1796420310056540004, guid: 5bbe43e6b292fa945b44bfa83b942626,
        type: 3}
      propertyPath: m_LocalPosition.x
      value: 1.2853088
      objectReference: {fileID: 0}
    - target: {fileID: 1796420310056540004, guid: 5bbe43e6b292fa945b44bfa83b942626,
        type: 3}
      propertyPath: m_LocalPosition.y
      value: 2.0837555
      objectReference: {fileID: 0}
    - target: {fileID: 1796420310056540004, guid: 5bbe43e6b292fa945b44bfa83b942626,
        type: 3}
      propertyPath: m_LocalPosition.z
      value: -4.140869
      objectReference: {fileID: 0}
    - target: {fileID: 1796420310056540004, guid: 5bbe43e6b292fa945b44bfa83b942626,
        type: 3}
      propertyPath: m_LocalRotation.x
      value: 0
      objectReference: {fileID: 0}
    - target: {fileID: 1796420310056540004, guid: 5bbe43e6b292fa945b44bfa83b942626,
        type: 3}
      propertyPath: m_LocalRotation.y
      value: 0
      objectReference: {fileID: 0}
    - target: {fileID: 1796420310056540004, guid: 5bbe43e6b292fa945b44bfa83b942626,
        type: 3}
      propertyPath: m_LocalRotation.z
      value: 0
      objectReference: {fileID: 0}
    - target: {fileID: 1796420310056540004, guid: 5bbe43e6b292fa945b44bfa83b942626,
        type: 3}
      propertyPath: m_LocalRotation.w
      value: 1
      objectReference: {fileID: 0}
    - target: {fileID: 1796420310056540004, guid: 5bbe43e6b292fa945b44bfa83b942626,
        type: 3}
      propertyPath: m_RootOrder
      value: 3
      objectReference: {fileID: 0}
    - target: {fileID: 1796420310056540004, guid: 5bbe43e6b292fa945b44bfa83b942626,
        type: 3}
      propertyPath: m_LocalEulerAnglesHint.x
      value: 0
      objectReference: {fileID: 0}
    - target: {fileID: 1796420310056540004, guid: 5bbe43e6b292fa945b44bfa83b942626,
        type: 3}
      propertyPath: m_LocalEulerAnglesHint.y
      value: 0
      objectReference: {fileID: 0}
    - target: {fileID: 1796420310056540004, guid: 5bbe43e6b292fa945b44bfa83b942626,
        type: 3}
      propertyPath: m_LocalEulerAnglesHint.z
      value: 0
      objectReference: {fileID: 0}
    - target: {fileID: 8562122599533022775, guid: 5bbe43e6b292fa945b44bfa83b942626,
        type: 3}
      propertyPath: m_Name
      value: InventoryManager
      objectReference: {fileID: 0}
    m_RemovedComponents: []
  m_SourcePrefab: {fileID: 100100000, guid: 5bbe43e6b292fa945b44bfa83b942626, type: 3}
--- !u!1001 &1325609457
PrefabInstance:
  m_ObjectHideFlags: 0
  serializedVersion: 2
  m_Modification:
    m_TransformParent: {fileID: 0}
    m_Modifications:
    - target: {fileID: 2863859943588976621, guid: e5ff5975f8b0a5e459c28088df2730fb,
        type: 3}
      propertyPath: m_LocalPosition.x
      value: 0
      objectReference: {fileID: 0}
    - target: {fileID: 2863859943588976621, guid: e5ff5975f8b0a5e459c28088df2730fb,
        type: 3}
      propertyPath: m_LocalPosition.y
      value: 0
      objectReference: {fileID: 0}
    - target: {fileID: 2863859943588976621, guid: e5ff5975f8b0a5e459c28088df2730fb,
        type: 3}
      propertyPath: m_LocalPosition.z
      value: 0
      objectReference: {fileID: 0}
    - target: {fileID: 2863859943588976621, guid: e5ff5975f8b0a5e459c28088df2730fb,
        type: 3}
      propertyPath: m_LocalRotation.x
      value: 0
      objectReference: {fileID: 0}
    - target: {fileID: 2863859943588976621, guid: e5ff5975f8b0a5e459c28088df2730fb,
        type: 3}
      propertyPath: m_LocalRotation.y
      value: 0
      objectReference: {fileID: 0}
    - target: {fileID: 2863859943588976621, guid: e5ff5975f8b0a5e459c28088df2730fb,
        type: 3}
      propertyPath: m_LocalRotation.z
      value: 0
      objectReference: {fileID: 0}
    - target: {fileID: 2863859943588976621, guid: e5ff5975f8b0a5e459c28088df2730fb,
        type: 3}
      propertyPath: m_LocalRotation.w
      value: 1
      objectReference: {fileID: 0}
    - target: {fileID: 2863859943588976621, guid: e5ff5975f8b0a5e459c28088df2730fb,
        type: 3}
      propertyPath: m_RootOrder
      value: 5
      objectReference: {fileID: 0}
    - target: {fileID: 2863859943588976621, guid: e5ff5975f8b0a5e459c28088df2730fb,
        type: 3}
      propertyPath: m_LocalEulerAnglesHint.x
      value: 0
      objectReference: {fileID: 0}
    - target: {fileID: 2863859943588976621, guid: e5ff5975f8b0a5e459c28088df2730fb,
        type: 3}
      propertyPath: m_LocalEulerAnglesHint.y
      value: 0
      objectReference: {fileID: 0}
    - target: {fileID: 2863859943588976621, guid: e5ff5975f8b0a5e459c28088df2730fb,
        type: 3}
      propertyPath: m_LocalEulerAnglesHint.z
      value: 0
      objectReference: {fileID: 0}
    - target: {fileID: 2863859943588976623, guid: e5ff5975f8b0a5e459c28088df2730fb,
        type: 3}
      propertyPath: m_Name
      value: LocalizationManager
      objectReference: {fileID: 0}
    m_RemovedComponents: []
  m_SourcePrefab: {fileID: 100100000, guid: e5ff5975f8b0a5e459c28088df2730fb, type: 3}
--- !u!1001 &1466333820
PrefabInstance:
  m_ObjectHideFlags: 0
  serializedVersion: 2
  m_Modification:
    m_TransformParent: {fileID: 0}
    m_Modifications:
    - target: {fileID: 7244147698853446892, guid: c8660cc48493167409560aea3a5c6815,
        type: 3}
      propertyPath: m_LocalPosition.x
      value: 0
      objectReference: {fileID: 0}
    - target: {fileID: 7244147698853446892, guid: c8660cc48493167409560aea3a5c6815,
        type: 3}
      propertyPath: m_LocalPosition.y
      value: 0
      objectReference: {fileID: 0}
    - target: {fileID: 7244147698853446892, guid: c8660cc48493167409560aea3a5c6815,
        type: 3}
      propertyPath: m_LocalPosition.z
      value: 0
      objectReference: {fileID: 0}
    - target: {fileID: 7244147698853446892, guid: c8660cc48493167409560aea3a5c6815,
        type: 3}
      propertyPath: m_LocalRotation.x
      value: 0
      objectReference: {fileID: 0}
    - target: {fileID: 7244147698853446892, guid: c8660cc48493167409560aea3a5c6815,
        type: 3}
      propertyPath: m_LocalRotation.y
      value: 0
      objectReference: {fileID: 0}
    - target: {fileID: 7244147698853446892, guid: c8660cc48493167409560aea3a5c6815,
        type: 3}
      propertyPath: m_LocalRotation.z
      value: 0
      objectReference: {fileID: 0}
    - target: {fileID: 7244147698853446892, guid: c8660cc48493167409560aea3a5c6815,
        type: 3}
      propertyPath: m_LocalRotation.w
      value: 1
      objectReference: {fileID: 0}
    - target: {fileID: 7244147698853446892, guid: c8660cc48493167409560aea3a5c6815,
        type: 3}
      propertyPath: m_RootOrder
      value: 8
      objectReference: {fileID: 0}
    - target: {fileID: 7244147698853446892, guid: c8660cc48493167409560aea3a5c6815,
        type: 3}
      propertyPath: m_LocalEulerAnglesHint.x
      value: 0
      objectReference: {fileID: 0}
    - target: {fileID: 7244147698853446892, guid: c8660cc48493167409560aea3a5c6815,
        type: 3}
      propertyPath: m_LocalEulerAnglesHint.y
      value: 0
      objectReference: {fileID: 0}
    - target: {fileID: 7244147698853446892, guid: c8660cc48493167409560aea3a5c6815,
        type: 3}
      propertyPath: m_LocalEulerAnglesHint.z
      value: 0
      objectReference: {fileID: 0}
    - target: {fileID: 7244147698853446894, guid: c8660cc48493167409560aea3a5c6815,
        type: 3}
      propertyPath: m_Name
      value: Rewired Input Manager
      objectReference: {fileID: 0}
    m_RemovedComponents: []
  m_SourcePrefab: {fileID: 100100000, guid: c8660cc48493167409560aea3a5c6815, type: 3}
--- !u!1 &1550193629
GameObject:
  m_ObjectHideFlags: 0
  m_CorrespondingSourceObject: {fileID: 0}
  m_PrefabInstance: {fileID: 0}
  m_PrefabAsset: {fileID: 0}
  serializedVersion: 6
  m_Component:
  - component: {fileID: 1550193630}
  - component: {fileID: 1550193631}
  m_Layer: 9
  m_Name: Stairs
  m_TagString: Untagged
  m_Icon: {fileID: 0}
  m_NavMeshLayer: 0
  m_StaticEditorFlags: 0
  m_IsActive: 1
--- !u!4 &1550193630
Transform:
  m_ObjectHideFlags: 0
  m_CorrespondingSourceObject: {fileID: 0}
  m_PrefabInstance: {fileID: 0}
  m_PrefabAsset: {fileID: 0}
  m_GameObject: {fileID: 1550193629}
  m_LocalRotation: {x: -0.48992544, y: -0, z: -0, w: 0.87176436}
  m_LocalPosition: {x: 0.0397, y: -0.0121, z: 0.4401}
  m_LocalScale: {x: 1, y: 1, z: 1}
  m_Children: []
  m_Father: {fileID: 2017972956}
  m_RootOrder: 2
  m_LocalEulerAnglesHint: {x: -58.671, y: 0, z: 0}
--- !u!65 &1550193631
BoxCollider:
  m_ObjectHideFlags: 0
  m_CorrespondingSourceObject: {fileID: 0}
  m_PrefabInstance: {fileID: 0}
  m_PrefabAsset: {fileID: 0}
  m_GameObject: {fileID: 1550193629}
  m_Material: {fileID: 0}
  m_IsTrigger: 0
  m_Enabled: 1
  serializedVersion: 2
  m_Size: {x: 0.1669075, y: 0.10845067, z: 0.06811363}
  m_Center: {x: 0.03256264, y: 0.045774873, z: -0.017324025}
--- !u!1001 &1663909202
PrefabInstance:
  m_ObjectHideFlags: 0
  serializedVersion: 2
  m_Modification:
    m_TransformParent: {fileID: 0}
    m_Modifications:
    - target: {fileID: 5866602180177297048, guid: 7d2606e4bd0221346bc1773c00e240bc,
        type: 3}
      propertyPath: m_Name
      value: SoundManager
      objectReference: {fileID: 0}
    - target: {fileID: 5866602180177297053, guid: 7d2606e4bd0221346bc1773c00e240bc,
        type: 3}
      propertyPath: m_LocalPosition.x
      value: 0
      objectReference: {fileID: 0}
    - target: {fileID: 5866602180177297053, guid: 7d2606e4bd0221346bc1773c00e240bc,
        type: 3}
      propertyPath: m_LocalPosition.y
      value: 0
      objectReference: {fileID: 0}
    - target: {fileID: 5866602180177297053, guid: 7d2606e4bd0221346bc1773c00e240bc,
        type: 3}
      propertyPath: m_LocalPosition.z
      value: 0
      objectReference: {fileID: 0}
    - target: {fileID: 5866602180177297053, guid: 7d2606e4bd0221346bc1773c00e240bc,
        type: 3}
      propertyPath: m_LocalRotation.x
      value: 0
      objectReference: {fileID: 0}
    - target: {fileID: 5866602180177297053, guid: 7d2606e4bd0221346bc1773c00e240bc,
        type: 3}
      propertyPath: m_LocalRotation.y
      value: 0
      objectReference: {fileID: 0}
    - target: {fileID: 5866602180177297053, guid: 7d2606e4bd0221346bc1773c00e240bc,
        type: 3}
      propertyPath: m_LocalRotation.z
      value: 0
      objectReference: {fileID: 0}
    - target: {fileID: 5866602180177297053, guid: 7d2606e4bd0221346bc1773c00e240bc,
        type: 3}
      propertyPath: m_LocalRotation.w
      value: 1
      objectReference: {fileID: 0}
    - target: {fileID: 5866602180177297053, guid: 7d2606e4bd0221346bc1773c00e240bc,
        type: 3}
      propertyPath: m_RootOrder
      value: 9
      objectReference: {fileID: 0}
    - target: {fileID: 5866602180177297053, guid: 7d2606e4bd0221346bc1773c00e240bc,
        type: 3}
      propertyPath: m_LocalEulerAnglesHint.x
      value: 0
      objectReference: {fileID: 0}
    - target: {fileID: 5866602180177297053, guid: 7d2606e4bd0221346bc1773c00e240bc,
        type: 3}
      propertyPath: m_LocalEulerAnglesHint.y
      value: 0
      objectReference: {fileID: 0}
    - target: {fileID: 5866602180177297053, guid: 7d2606e4bd0221346bc1773c00e240bc,
        type: 3}
      propertyPath: m_LocalEulerAnglesHint.z
      value: 0
      objectReference: {fileID: 0}
    m_RemovedComponents: []
  m_SourcePrefab: {fileID: 100100000, guid: 7d2606e4bd0221346bc1773c00e240bc, type: 3}
--- !u!4 &1672393032 stripped
Transform:
  m_CorrespondingSourceObject: {fileID: 5343492139697264792, guid: 7704641ec8ca305468cbdcff051a56ce,
    type: 3}
  m_PrefabInstance: {fileID: 286780821}
  m_PrefabAsset: {fileID: 0}
--- !u!1 &1673144924
GameObject:
  m_ObjectHideFlags: 0
  m_CorrespondingSourceObject: {fileID: 0}
  m_PrefabInstance: {fileID: 0}
  m_PrefabAsset: {fileID: 0}
  serializedVersion: 6
  m_Component:
  - component: {fileID: 1673144925}
  - component: {fileID: 1673144926}
  m_Layer: 0
  m_Name: Collider3
  m_TagString: Untagged
  m_Icon: {fileID: 0}
  m_NavMeshLayer: 0
  m_StaticEditorFlags: 0
  m_IsActive: 1
--- !u!4 &1673144925
Transform:
  m_ObjectHideFlags: 0
  m_CorrespondingSourceObject: {fileID: 0}
  m_PrefabInstance: {fileID: 0}
  m_PrefabAsset: {fileID: 0}
  m_GameObject: {fileID: 1673144924}
  m_LocalRotation: {x: -0, y: 0.21393518, z: -0, w: 0.9768478}
  m_LocalPosition: {x: -5.6, y: 0, z: 103}
  m_LocalScale: {x: 1, y: 1, z: 1}
  m_Children: []
  m_Father: {fileID: 87576087}
  m_RootOrder: 2
  m_LocalEulerAnglesHint: {x: 0, y: 24.706001, z: 0}
--- !u!65 &1673144926
BoxCollider:
  m_ObjectHideFlags: 0
  m_CorrespondingSourceObject: {fileID: 0}
  m_PrefabInstance: {fileID: 0}
  m_PrefabAsset: {fileID: 0}
  m_GameObject: {fileID: 1673144924}
  m_Material: {fileID: 0}
  m_IsTrigger: 0
  m_Enabled: 1
  serializedVersion: 2
  m_Size: {x: 20.055403, y: 23.878197, z: 130.69728}
  m_Center: {x: -0.049308367, y: 0.87264633, z: 75.16903}
--- !u!1001 &1674556850
PrefabInstance:
  m_ObjectHideFlags: 0
  serializedVersion: 2
  m_Modification:
    m_TransformParent: {fileID: 286780823}
    m_Modifications:
    - target: {fileID: 571022126665710737, guid: 29b6b65d7246a634f9e205a149c794c2,
        type: 3}
      propertyPath: m_AnchorMax.x
      value: 0
      objectReference: {fileID: 0}
    - target: {fileID: 571022126665710737, guid: 29b6b65d7246a634f9e205a149c794c2,
        type: 3}
      propertyPath: m_AnchorMax.y
      value: 0
      objectReference: {fileID: 0}
    - target: {fileID: 6542408157302011711, guid: 29b6b65d7246a634f9e205a149c794c2,
        type: 3}
      propertyPath: m_Name
      value: BasicBandit (8)
      objectReference: {fileID: 0}
    - target: {fileID: 6542408157302172447, guid: 29b6b65d7246a634f9e205a149c794c2,
        type: 3}
      propertyPath: m_LocalPosition.x
      value: 96.5
      objectReference: {fileID: 0}
    - target: {fileID: 6542408157302172447, guid: 29b6b65d7246a634f9e205a149c794c2,
        type: 3}
      propertyPath: m_LocalPosition.y
      value: 2.452
      objectReference: {fileID: 0}
    - target: {fileID: 6542408157302172447, guid: 29b6b65d7246a634f9e205a149c794c2,
        type: 3}
      propertyPath: m_LocalPosition.z
      value: 227.51639
      objectReference: {fileID: 0}
    - target: {fileID: 6542408157302172447, guid: 29b6b65d7246a634f9e205a149c794c2,
        type: 3}
      propertyPath: m_LocalRotation.x
      value: -0
      objectReference: {fileID: 0}
    - target: {fileID: 6542408157302172447, guid: 29b6b65d7246a634f9e205a149c794c2,
        type: 3}
      propertyPath: m_LocalRotation.y
      value: 1
      objectReference: {fileID: 0}
    - target: {fileID: 6542408157302172447, guid: 29b6b65d7246a634f9e205a149c794c2,
        type: 3}
      propertyPath: m_LocalRotation.z
      value: -0
      objectReference: {fileID: 0}
    - target: {fileID: 6542408157302172447, guid: 29b6b65d7246a634f9e205a149c794c2,
        type: 3}
      propertyPath: m_LocalRotation.w
      value: 0
      objectReference: {fileID: 0}
    - target: {fileID: 6542408157302172447, guid: 29b6b65d7246a634f9e205a149c794c2,
        type: 3}
      propertyPath: m_RootOrder
      value: 0
      objectReference: {fileID: 0}
    - target: {fileID: 6542408157302172447, guid: 29b6b65d7246a634f9e205a149c794c2,
        type: 3}
      propertyPath: m_LocalEulerAnglesHint.x
      value: 0
      objectReference: {fileID: 0}
    - target: {fileID: 6542408157302172447, guid: 29b6b65d7246a634f9e205a149c794c2,
        type: 3}
      propertyPath: m_LocalEulerAnglesHint.y
      value: 0
      objectReference: {fileID: 0}
    - target: {fileID: 6542408157302172447, guid: 29b6b65d7246a634f9e205a149c794c2,
        type: 3}
      propertyPath: m_LocalEulerAnglesHint.z
      value: 0
      objectReference: {fileID: 0}
    m_RemovedComponents: []
  m_SourcePrefab: {fileID: 100100000, guid: 29b6b65d7246a634f9e205a149c794c2, type: 3}
--- !u!1001 &1685355650
PrefabInstance:
  m_ObjectHideFlags: 0
  serializedVersion: 2
  m_Modification:
    m_TransformParent: {fileID: 286780823}
    m_Modifications:
    - target: {fileID: 571022126665710737, guid: 29b6b65d7246a634f9e205a149c794c2,
        type: 3}
      propertyPath: m_AnchorMax.x
      value: 0
      objectReference: {fileID: 0}
    - target: {fileID: 571022126665710737, guid: 29b6b65d7246a634f9e205a149c794c2,
        type: 3}
      propertyPath: m_AnchorMax.y
      value: 0
      objectReference: {fileID: 0}
    - target: {fileID: 6542408157302011711, guid: 29b6b65d7246a634f9e205a149c794c2,
        type: 3}
      propertyPath: m_Name
      value: BasicBandit (4)
      objectReference: {fileID: 0}
    - target: {fileID: 6542408157302172447, guid: 29b6b65d7246a634f9e205a149c794c2,
        type: 3}
      propertyPath: m_LocalPosition.x
      value: 76.65079
      objectReference: {fileID: 0}
    - target: {fileID: 6542408157302172447, guid: 29b6b65d7246a634f9e205a149c794c2,
        type: 3}
      propertyPath: m_LocalPosition.y
      value: 2.36
      objectReference: {fileID: 0}
    - target: {fileID: 6542408157302172447, guid: 29b6b65d7246a634f9e205a149c794c2,
        type: 3}
      propertyPath: m_LocalPosition.z
      value: 207.4201
      objectReference: {fileID: 0}
    - target: {fileID: 6542408157302172447, guid: 29b6b65d7246a634f9e205a149c794c2,
        type: 3}
      propertyPath: m_LocalRotation.x
      value: -0
      objectReference: {fileID: 0}
    - target: {fileID: 6542408157302172447, guid: 29b6b65d7246a634f9e205a149c794c2,
        type: 3}
      propertyPath: m_LocalRotation.y
      value: 1
      objectReference: {fileID: 0}
    - target: {fileID: 6542408157302172447, guid: 29b6b65d7246a634f9e205a149c794c2,
        type: 3}
      propertyPath: m_LocalRotation.z
      value: -0
      objectReference: {fileID: 0}
    - target: {fileID: 6542408157302172447, guid: 29b6b65d7246a634f9e205a149c794c2,
        type: 3}
      propertyPath: m_LocalRotation.w
      value: 0
      objectReference: {fileID: 0}
    - target: {fileID: 6542408157302172447, guid: 29b6b65d7246a634f9e205a149c794c2,
        type: 3}
      propertyPath: m_RootOrder
      value: 4
      objectReference: {fileID: 0}
    - target: {fileID: 6542408157302172447, guid: 29b6b65d7246a634f9e205a149c794c2,
        type: 3}
      propertyPath: m_LocalEulerAnglesHint.x
      value: 0
      objectReference: {fileID: 0}
    - target: {fileID: 6542408157302172447, guid: 29b6b65d7246a634f9e205a149c794c2,
        type: 3}
      propertyPath: m_LocalEulerAnglesHint.y
      value: 0
      objectReference: {fileID: 0}
    - target: {fileID: 6542408157302172447, guid: 29b6b65d7246a634f9e205a149c794c2,
        type: 3}
      propertyPath: m_LocalEulerAnglesHint.z
      value: 0
      objectReference: {fileID: 0}
    m_RemovedComponents: []
  m_SourcePrefab: {fileID: 100100000, guid: 29b6b65d7246a634f9e205a149c794c2, type: 3}
--- !u!1 &1685817554
GameObject:
  m_ObjectHideFlags: 0
  m_CorrespondingSourceObject: {fileID: 0}
  m_PrefabInstance: {fileID: 0}
  m_PrefabAsset: {fileID: 0}
  serializedVersion: 6
  m_Component:
  - component: {fileID: 1685817555}
  - component: {fileID: 1685817556}
  m_Layer: 0
  m_Name: Collider1
  m_TagString: Untagged
  m_Icon: {fileID: 0}
  m_NavMeshLayer: 0
  m_StaticEditorFlags: 0
  m_IsActive: 1
--- !u!4 &1685817555
Transform:
  m_ObjectHideFlags: 0
  m_CorrespondingSourceObject: {fileID: 0}
  m_PrefabInstance: {fileID: 0}
  m_PrefabAsset: {fileID: 0}
  m_GameObject: {fileID: 1685817554}
  m_LocalRotation: {x: 0, y: 0, z: 0, w: 1}
  m_LocalPosition: {x: 0, y: 0, z: 0}
  m_LocalScale: {x: 1, y: 1, z: 1}
  m_Children: []
  m_Father: {fileID: 87576087}
  m_RootOrder: 0
  m_LocalEulerAnglesHint: {x: 0, y: 0, z: 0}
--- !u!65 &1685817556
BoxCollider:
  m_ObjectHideFlags: 0
  m_CorrespondingSourceObject: {fileID: 0}
  m_PrefabInstance: {fileID: 0}
  m_PrefabAsset: {fileID: 0}
  m_GameObject: {fileID: 1685817554}
  m_Material: {fileID: 0}
  m_IsTrigger: 0
  m_Enabled: 1
  serializedVersion: 2
  m_Size: {x: 28.891478, y: 23.878197, z: 251.55313}
  m_Center: {x: 4.368161, y: 0.87264633, z: 108.17456}
--- !u!1001 &1819969625
PrefabInstance:
  m_ObjectHideFlags: 0
  serializedVersion: 2
  m_Modification:
    m_TransformParent: {fileID: 0}
    m_Modifications:
    - target: {fileID: 3126399481028377176, guid: f389a30880da0984baf9b7ac100ac536,
        type: 3}
      propertyPath: m_Name
      value: DialogueManager
      objectReference: {fileID: 0}
    - target: {fileID: 6673308496946361157, guid: f389a30880da0984baf9b7ac100ac536,
        type: 3}
      propertyPath: m_LocalPosition.x
      value: 0
      objectReference: {fileID: 0}
    - target: {fileID: 6673308496946361157, guid: f389a30880da0984baf9b7ac100ac536,
        type: 3}
      propertyPath: m_LocalPosition.y
      value: 0
      objectReference: {fileID: 0}
    - target: {fileID: 6673308496946361157, guid: f389a30880da0984baf9b7ac100ac536,
        type: 3}
      propertyPath: m_LocalPosition.z
      value: 0
      objectReference: {fileID: 0}
    - target: {fileID: 6673308496946361157, guid: f389a30880da0984baf9b7ac100ac536,
        type: 3}
      propertyPath: m_LocalRotation.x
      value: 0
      objectReference: {fileID: 0}
    - target: {fileID: 6673308496946361157, guid: f389a30880da0984baf9b7ac100ac536,
        type: 3}
      propertyPath: m_LocalRotation.y
      value: 0
      objectReference: {fileID: 0}
    - target: {fileID: 6673308496946361157, guid: f389a30880da0984baf9b7ac100ac536,
        type: 3}
      propertyPath: m_LocalRotation.z
      value: 0
      objectReference: {fileID: 0}
    - target: {fileID: 6673308496946361157, guid: f389a30880da0984baf9b7ac100ac536,
        type: 3}
      propertyPath: m_LocalRotation.w
      value: 1
      objectReference: {fileID: 0}
    - target: {fileID: 6673308496946361157, guid: f389a30880da0984baf9b7ac100ac536,
        type: 3}
      propertyPath: m_RootOrder
      value: 12
      objectReference: {fileID: 0}
    - target: {fileID: 6673308496946361157, guid: f389a30880da0984baf9b7ac100ac536,
        type: 3}
      propertyPath: m_LocalEulerAnglesHint.x
      value: 0
      objectReference: {fileID: 0}
    - target: {fileID: 6673308496946361157, guid: f389a30880da0984baf9b7ac100ac536,
        type: 3}
      propertyPath: m_LocalEulerAnglesHint.y
      value: 0
      objectReference: {fileID: 0}
    - target: {fileID: 6673308496946361157, guid: f389a30880da0984baf9b7ac100ac536,
        type: 3}
      propertyPath: m_LocalEulerAnglesHint.z
      value: 0
      objectReference: {fileID: 0}
    m_RemovedComponents: []
  m_SourcePrefab: {fileID: 100100000, guid: f389a30880da0984baf9b7ac100ac536, type: 3}
--- !u!1001 &1928067506
PrefabInstance:
  m_ObjectHideFlags: 0
  serializedVersion: 2
  m_Modification:
    m_TransformParent: {fileID: 286780823}
    m_Modifications:
    - target: {fileID: 571022126665710737, guid: 29b6b65d7246a634f9e205a149c794c2,
        type: 3}
      propertyPath: m_AnchorMax.x
      value: 0
      objectReference: {fileID: 0}
    - target: {fileID: 571022126665710737, guid: 29b6b65d7246a634f9e205a149c794c2,
        type: 3}
      propertyPath: m_AnchorMax.y
      value: 0
      objectReference: {fileID: 0}
    - target: {fileID: 6542408157302011711, guid: 29b6b65d7246a634f9e205a149c794c2,
        type: 3}
      propertyPath: m_Name
      value: BasicBandit (2)
      objectReference: {fileID: 0}
    - target: {fileID: 6542408157302172447, guid: 29b6b65d7246a634f9e205a149c794c2,
        type: 3}
      propertyPath: m_LocalPosition.x
      value: 156.4
      objectReference: {fileID: 0}
    - target: {fileID: 6542408157302172447, guid: 29b6b65d7246a634f9e205a149c794c2,
        type: 3}
      propertyPath: m_LocalPosition.y
      value: 4.99
      objectReference: {fileID: 0}
    - target: {fileID: 6542408157302172447, guid: 29b6b65d7246a634f9e205a149c794c2,
        type: 3}
      propertyPath: m_LocalPosition.z
      value: 226.8
      objectReference: {fileID: 0}
    - target: {fileID: 6542408157302172447, guid: 29b6b65d7246a634f9e205a149c794c2,
        type: 3}
      propertyPath: m_LocalRotation.x
      value: -0
      objectReference: {fileID: 0}
    - target: {fileID: 6542408157302172447, guid: 29b6b65d7246a634f9e205a149c794c2,
        type: 3}
      propertyPath: m_LocalRotation.y
      value: 1
      objectReference: {fileID: 0}
    - target: {fileID: 6542408157302172447, guid: 29b6b65d7246a634f9e205a149c794c2,
        type: 3}
      propertyPath: m_LocalRotation.z
      value: -0
      objectReference: {fileID: 0}
    - target: {fileID: 6542408157302172447, guid: 29b6b65d7246a634f9e205a149c794c2,
        type: 3}
      propertyPath: m_LocalRotation.w
      value: 0
      objectReference: {fileID: 0}
    - target: {fileID: 6542408157302172447, guid: 29b6b65d7246a634f9e205a149c794c2,
        type: 3}
      propertyPath: m_RootOrder
      value: 7
      objectReference: {fileID: 0}
    - target: {fileID: 6542408157302172447, guid: 29b6b65d7246a634f9e205a149c794c2,
        type: 3}
      propertyPath: m_LocalEulerAnglesHint.x
      value: 0
      objectReference: {fileID: 0}
    - target: {fileID: 6542408157302172447, guid: 29b6b65d7246a634f9e205a149c794c2,
        type: 3}
      propertyPath: m_LocalEulerAnglesHint.y
      value: 0
      objectReference: {fileID: 0}
    - target: {fileID: 6542408157302172447, guid: 29b6b65d7246a634f9e205a149c794c2,
        type: 3}
      propertyPath: m_LocalEulerAnglesHint.z
      value: 0
      objectReference: {fileID: 0}
    m_RemovedComponents: []
  m_SourcePrefab: {fileID: 100100000, guid: 29b6b65d7246a634f9e205a149c794c2, type: 3}
--- !u!1001 &1957444931
PrefabInstance:
  m_ObjectHideFlags: 0
  serializedVersion: 2
  m_Modification:
    m_TransformParent: {fileID: 0}
    m_Modifications:
    - target: {fileID: 654487207243961515, guid: 32649abac9455224aa0280d425f25c9d,
        type: 3}
      propertyPath: m_Name
      value: WeatherManager
      objectReference: {fileID: 0}
    - target: {fileID: 654487207243963221, guid: 32649abac9455224aa0280d425f25c9d,
        type: 3}
      propertyPath: m_LocalPosition.x
      value: 0
      objectReference: {fileID: 0}
    - target: {fileID: 654487207243963221, guid: 32649abac9455224aa0280d425f25c9d,
        type: 3}
      propertyPath: m_LocalPosition.y
      value: 3
      objectReference: {fileID: 0}
    - target: {fileID: 654487207243963221, guid: 32649abac9455224aa0280d425f25c9d,
        type: 3}
      propertyPath: m_LocalPosition.z
      value: 0
      objectReference: {fileID: 0}
    - target: {fileID: 654487207243963221, guid: 32649abac9455224aa0280d425f25c9d,
        type: 3}
      propertyPath: m_LocalRotation.x
      value: 0.40821788
      objectReference: {fileID: 0}
    - target: {fileID: 654487207243963221, guid: 32649abac9455224aa0280d425f25c9d,
        type: 3}
      propertyPath: m_LocalRotation.y
      value: -0.23456968
      objectReference: {fileID: 0}
    - target: {fileID: 654487207243963221, guid: 32649abac9455224aa0280d425f25c9d,
        type: 3}
      propertyPath: m_LocalRotation.z
      value: 0.10938163
      objectReference: {fileID: 0}
    - target: {fileID: 654487207243963221, guid: 32649abac9455224aa0280d425f25c9d,
        type: 3}
      propertyPath: m_LocalRotation.w
      value: 0.8754261
      objectReference: {fileID: 0}
    - target: {fileID: 654487207243963221, guid: 32649abac9455224aa0280d425f25c9d,
        type: 3}
      propertyPath: m_RootOrder
      value: 13
      objectReference: {fileID: 0}
    - target: {fileID: 654487207243963221, guid: 32649abac9455224aa0280d425f25c9d,
        type: 3}
      propertyPath: m_LocalEulerAnglesHint.x
      value: 50
      objectReference: {fileID: 0}
    - target: {fileID: 654487207243963221, guid: 32649abac9455224aa0280d425f25c9d,
        type: 3}
      propertyPath: m_LocalEulerAnglesHint.y
      value: -30
      objectReference: {fileID: 0}
    - target: {fileID: 654487207243963221, guid: 32649abac9455224aa0280d425f25c9d,
        type: 3}
      propertyPath: m_LocalEulerAnglesHint.z
      value: 0
      objectReference: {fileID: 0}
    m_RemovedComponents: []
  m_SourcePrefab: {fileID: 100100000, guid: 32649abac9455224aa0280d425f25c9d, type: 3}
--- !u!1001 &2004820834
PrefabInstance:
  m_ObjectHideFlags: 0
  serializedVersion: 2
  m_Modification:
    m_TransformParent: {fileID: 286780823}
    m_Modifications:
    - target: {fileID: 571022126665710737, guid: 29b6b65d7246a634f9e205a149c794c2,
        type: 3}
      propertyPath: m_AnchorMax.x
      value: 0
      objectReference: {fileID: 0}
    - target: {fileID: 571022126665710737, guid: 29b6b65d7246a634f9e205a149c794c2,
        type: 3}
      propertyPath: m_AnchorMax.y
      value: 0
      objectReference: {fileID: 0}
    - target: {fileID: 6542408157302011711, guid: 29b6b65d7246a634f9e205a149c794c2,
        type: 3}
      propertyPath: m_Name
      value: BasicBandit (6)
      objectReference: {fileID: 0}
    - target: {fileID: 6542408157302172447, guid: 29b6b65d7246a634f9e205a149c794c2,
        type: 3}
      propertyPath: m_LocalPosition.x
      value: 123.09192
      objectReference: {fileID: 0}
    - target: {fileID: 6542408157302172447, guid: 29b6b65d7246a634f9e205a149c794c2,
        type: 3}
      propertyPath: m_LocalPosition.y
      value: 0.94
      objectReference: {fileID: 0}
    - target: {fileID: 6542408157302172447, guid: 29b6b65d7246a634f9e205a149c794c2,
        type: 3}
      propertyPath: m_LocalPosition.z
      value: 172.4524
      objectReference: {fileID: 0}
    - target: {fileID: 6542408157302172447, guid: 29b6b65d7246a634f9e205a149c794c2,
        type: 3}
      propertyPath: m_LocalRotation.x
      value: -0
      objectReference: {fileID: 0}
    - target: {fileID: 6542408157302172447, guid: 29b6b65d7246a634f9e205a149c794c2,
        type: 3}
      propertyPath: m_LocalRotation.y
      value: 1
      objectReference: {fileID: 0}
    - target: {fileID: 6542408157302172447, guid: 29b6b65d7246a634f9e205a149c794c2,
        type: 3}
      propertyPath: m_LocalRotation.z
      value: -0
      objectReference: {fileID: 0}
    - target: {fileID: 6542408157302172447, guid: 29b6b65d7246a634f9e205a149c794c2,
        type: 3}
      propertyPath: m_LocalRotation.w
      value: 0
      objectReference: {fileID: 0}
    - target: {fileID: 6542408157302172447, guid: 29b6b65d7246a634f9e205a149c794c2,
        type: 3}
      propertyPath: m_RootOrder
      value: 2
      objectReference: {fileID: 0}
    - target: {fileID: 6542408157302172447, guid: 29b6b65d7246a634f9e205a149c794c2,
        type: 3}
      propertyPath: m_LocalEulerAnglesHint.x
      value: 0
      objectReference: {fileID: 0}
    - target: {fileID: 6542408157302172447, guid: 29b6b65d7246a634f9e205a149c794c2,
        type: 3}
      propertyPath: m_LocalEulerAnglesHint.y
      value: 0
      objectReference: {fileID: 0}
    - target: {fileID: 6542408157302172447, guid: 29b6b65d7246a634f9e205a149c794c2,
        type: 3}
      propertyPath: m_LocalEulerAnglesHint.z
      value: 0
      objectReference: {fileID: 0}
    m_RemovedComponents: []
  m_SourcePrefab: {fileID: 100100000, guid: 29b6b65d7246a634f9e205a149c794c2, type: 3}
--- !u!1001 &2008723878
PrefabInstance:
  m_ObjectHideFlags: 0
  serializedVersion: 2
  m_Modification:
    m_TransformParent: {fileID: 286780823}
    m_Modifications:
    - target: {fileID: 571022126665710737, guid: 29b6b65d7246a634f9e205a149c794c2,
        type: 3}
      propertyPath: m_AnchorMax.x
      value: 0
      objectReference: {fileID: 0}
    - target: {fileID: 571022126665710737, guid: 29b6b65d7246a634f9e205a149c794c2,
        type: 3}
      propertyPath: m_AnchorMax.y
      value: 0
      objectReference: {fileID: 0}
    - target: {fileID: 6542408157302011711, guid: 29b6b65d7246a634f9e205a149c794c2,
        type: 3}
      propertyPath: m_Name
      value: BasicBandit (1)
      objectReference: {fileID: 0}
    - target: {fileID: 6542408157302172447, guid: 29b6b65d7246a634f9e205a149c794c2,
        type: 3}
      propertyPath: m_LocalPosition.x
      value: 153.46571
      objectReference: {fileID: 0}
    - target: {fileID: 6542408157302172447, guid: 29b6b65d7246a634f9e205a149c794c2,
        type: 3}
      propertyPath: m_LocalPosition.y
      value: 3.77
      objectReference: {fileID: 0}
    - target: {fileID: 6542408157302172447, guid: 29b6b65d7246a634f9e205a149c794c2,
        type: 3}
      propertyPath: m_LocalPosition.z
      value: 228.13441
      objectReference: {fileID: 0}
    - target: {fileID: 6542408157302172447, guid: 29b6b65d7246a634f9e205a149c794c2,
        type: 3}
      propertyPath: m_LocalRotation.x
      value: -0
      objectReference: {fileID: 0}
    - target: {fileID: 6542408157302172447, guid: 29b6b65d7246a634f9e205a149c794c2,
        type: 3}
      propertyPath: m_LocalRotation.y
      value: 1
      objectReference: {fileID: 0}
    - target: {fileID: 6542408157302172447, guid: 29b6b65d7246a634f9e205a149c794c2,
        type: 3}
      propertyPath: m_LocalRotation.z
      value: -0
      objectReference: {fileID: 0}
    - target: {fileID: 6542408157302172447, guid: 29b6b65d7246a634f9e205a149c794c2,
        type: 3}
      propertyPath: m_LocalRotation.w
      value: 0
      objectReference: {fileID: 0}
    - target: {fileID: 6542408157302172447, guid: 29b6b65d7246a634f9e205a149c794c2,
        type: 3}
      propertyPath: m_RootOrder
      value: 6
      objectReference: {fileID: 0}
    - target: {fileID: 6542408157302172447, guid: 29b6b65d7246a634f9e205a149c794c2,
        type: 3}
      propertyPath: m_LocalEulerAnglesHint.x
      value: 0
      objectReference: {fileID: 0}
    - target: {fileID: 6542408157302172447, guid: 29b6b65d7246a634f9e205a149c794c2,
        type: 3}
      propertyPath: m_LocalEulerAnglesHint.y
      value: 0
      objectReference: {fileID: 0}
    - target: {fileID: 6542408157302172447, guid: 29b6b65d7246a634f9e205a149c794c2,
        type: 3}
      propertyPath: m_LocalEulerAnglesHint.z
      value: 0
      objectReference: {fileID: 0}
    m_RemovedComponents: []
  m_SourcePrefab: {fileID: 100100000, guid: 29b6b65d7246a634f9e205a149c794c2, type: 3}
--- !u!4 &2017972956 stripped
Transform:
  m_CorrespondingSourceObject: {fileID: 93212940434912581, guid: 4d18162c66ae1fd4aa7de73d4349b84b,
    type: 3}
  m_PrefabInstance: {fileID: 1002558972}
  m_PrefabAsset: {fileID: 0}
--- !u!1001 &2022878840
PrefabInstance:
  m_ObjectHideFlags: 0
  serializedVersion: 2
  m_Modification:
    m_TransformParent: {fileID: 286780823}
    m_Modifications:
    - target: {fileID: 571022126665710737, guid: 29b6b65d7246a634f9e205a149c794c2,
        type: 3}
      propertyPath: m_AnchorMax.x
      value: 0
      objectReference: {fileID: 0}
    - target: {fileID: 571022126665710737, guid: 29b6b65d7246a634f9e205a149c794c2,
        type: 3}
      propertyPath: m_AnchorMax.y
      value: 0
      objectReference: {fileID: 0}
    - target: {fileID: 6542408157302011711, guid: 29b6b65d7246a634f9e205a149c794c2,
        type: 3}
      propertyPath: m_Name
      value: BasicBandit (5)
      objectReference: {fileID: 0}
    - target: {fileID: 6542408157302172447, guid: 29b6b65d7246a634f9e205a149c794c2,
        type: 3}
      propertyPath: m_LocalPosition.x
      value: 154.04535
      objectReference: {fileID: 0}
    - target: {fileID: 6542408157302172447, guid: 29b6b65d7246a634f9e205a149c794c2,
        type: 3}
      propertyPath: m_LocalPosition.y
      value: 1.94
      objectReference: {fileID: 0}
    - target: {fileID: 6542408157302172447, guid: 29b6b65d7246a634f9e205a149c794c2,
        type: 3}
      propertyPath: m_LocalPosition.z
      value: 185.39438
      objectReference: {fileID: 0}
    - target: {fileID: 6542408157302172447, guid: 29b6b65d7246a634f9e205a149c794c2,
        type: 3}
      propertyPath: m_LocalRotation.x
      value: -0
      objectReference: {fileID: 0}
    - target: {fileID: 6542408157302172447, guid: 29b6b65d7246a634f9e205a149c794c2,
        type: 3}
      propertyPath: m_LocalRotation.y
      value: 1
      objectReference: {fileID: 0}
    - target: {fileID: 6542408157302172447, guid: 29b6b65d7246a634f9e205a149c794c2,
        type: 3}
      propertyPath: m_LocalRotation.z
      value: -0
      objectReference: {fileID: 0}
    - target: {fileID: 6542408157302172447, guid: 29b6b65d7246a634f9e205a149c794c2,
        type: 3}
      propertyPath: m_LocalRotation.w
      value: 0
      objectReference: {fileID: 0}
    - target: {fileID: 6542408157302172447, guid: 29b6b65d7246a634f9e205a149c794c2,
        type: 3}
      propertyPath: m_RootOrder
      value: 3
      objectReference: {fileID: 0}
    - target: {fileID: 6542408157302172447, guid: 29b6b65d7246a634f9e205a149c794c2,
        type: 3}
      propertyPath: m_LocalEulerAnglesHint.x
      value: 0
      objectReference: {fileID: 0}
    - target: {fileID: 6542408157302172447, guid: 29b6b65d7246a634f9e205a149c794c2,
        type: 3}
      propertyPath: m_LocalEulerAnglesHint.y
      value: 0
      objectReference: {fileID: 0}
    - target: {fileID: 6542408157302172447, guid: 29b6b65d7246a634f9e205a149c794c2,
        type: 3}
      propertyPath: m_LocalEulerAnglesHint.z
      value: 0
      objectReference: {fileID: 0}
    m_RemovedComponents: []
  m_SourcePrefab: {fileID: 100100000, guid: 29b6b65d7246a634f9e205a149c794c2, type: 3}
--- !u!4 &2101739035 stripped
Transform:
  m_CorrespondingSourceObject: {fileID: 8345143394172687513, guid: 7704641ec8ca305468cbdcff051a56ce,
    type: 3}
  m_PrefabInstance: {fileID: 286780821}
  m_PrefabAsset: {fileID: 0}
--- !u!1001 &2948154075144192998
PrefabInstance:
  m_ObjectHideFlags: 0
  serializedVersion: 2
  m_Modification:
    m_TransformParent: {fileID: 0}
    m_Modifications:
    - target: {fileID: 2948154074610203284, guid: 4d5c270a3524a114e833641ba8144310,
        type: 3}
      propertyPath: Collider
      value: 
      objectReference: {fileID: 302156204}
    - target: {fileID: 2948154074610203285, guid: 4d5c270a3524a114e833641ba8144310,
        type: 3}
      propertyPath: m_LocalPosition.x
      value: 0
      objectReference: {fileID: 0}
    - target: {fileID: 2948154074610203285, guid: 4d5c270a3524a114e833641ba8144310,
        type: 3}
      propertyPath: m_LocalPosition.y
      value: 0
      objectReference: {fileID: 0}
    - target: {fileID: 2948154074610203285, guid: 4d5c270a3524a114e833641ba8144310,
        type: 3}
      propertyPath: m_LocalPosition.z
      value: 0
      objectReference: {fileID: 0}
    - target: {fileID: 2948154074610203285, guid: 4d5c270a3524a114e833641ba8144310,
        type: 3}
      propertyPath: m_LocalRotation.x
      value: 0
      objectReference: {fileID: 0}
    - target: {fileID: 2948154074610203285, guid: 4d5c270a3524a114e833641ba8144310,
        type: 3}
      propertyPath: m_LocalRotation.y
      value: 0
      objectReference: {fileID: 0}
    - target: {fileID: 2948154074610203285, guid: 4d5c270a3524a114e833641ba8144310,
        type: 3}
      propertyPath: m_LocalRotation.z
      value: 0
      objectReference: {fileID: 0}
    - target: {fileID: 2948154074610203285, guid: 4d5c270a3524a114e833641ba8144310,
        type: 3}
      propertyPath: m_LocalRotation.w
      value: 1
      objectReference: {fileID: 0}
    - target: {fileID: 2948154074610203285, guid: 4d5c270a3524a114e833641ba8144310,
        type: 3}
      propertyPath: m_RootOrder
      value: 11
      objectReference: {fileID: 0}
    - target: {fileID: 2948154074610203285, guid: 4d5c270a3524a114e833641ba8144310,
        type: 3}
      propertyPath: m_LocalEulerAnglesHint.x
      value: 0
      objectReference: {fileID: 0}
    - target: {fileID: 2948154074610203285, guid: 4d5c270a3524a114e833641ba8144310,
        type: 3}
      propertyPath: m_LocalEulerAnglesHint.y
      value: 0
      objectReference: {fileID: 0}
    - target: {fileID: 2948154074610203285, guid: 4d5c270a3524a114e833641ba8144310,
        type: 3}
      propertyPath: m_LocalEulerAnglesHint.z
      value: 0
      objectReference: {fileID: 0}
    - target: {fileID: 2948154074610203287, guid: 4d5c270a3524a114e833641ba8144310,
        type: 3}
      propertyPath: m_Name
      value: TutorialManager
      objectReference: {fileID: 0}
    m_RemovedComponents: []
  m_SourcePrefab: {fileID: 100100000, guid: 4d5c270a3524a114e833641ba8144310, type: 3}
