%YAML 1.1
%TAG !u! tag:unity3d.com,2011:
--- !u!114 &11400000
MonoBehaviour:
  m_ObjectHideFlags: 0
  m_CorrespondingSourceObject: {fileID: 0}
  m_PrefabInstance: {fileID: 0}
  m_PrefabAsset: {fileID: 0}
  m_GameObject: {fileID: 0}
  m_Enabled: 1
  m_EditorHideFlags: 0
  m_Script: {fileID: 11500000, guid: 425fa6be776d55647a40b145ebcdf567, type: 3}
  m_Name: DialogueGraph 1
  m_EditorClassIdentifier: 
  nodes:
  - {fileID: 114975678449166744}
  - {fileID: 114724138643907714}
  - {fileID: 114429827997374264}
  - {fileID: 114743420514247660}
  - {fileID: 114104472052455248}
  - {fileID: 114667881016541916}
  - {fileID: 114424970687289476}
  - {fileID: 114093461990628038}
  Agent:
    Speaker: 1
    Data: {fileID: 0}
  Conversator:
    Speaker: 2
    Data: {fileID: 11400000, guid: 089625aa68ce46843a8c640bdabe61c7, type: 2}
--- !u!114 &114093461990628038
MonoBehaviour:
  m_ObjectHideFlags: 0
  m_CorrespondingSourceObject: {fileID: 0}
  m_PrefabInstance: {fileID: 0}
  m_PrefabAsset: {fileID: 0}
  m_GameObject: {fileID: 0}
  m_Enabled: 1
  m_EditorHideFlags: 0
  m_Script: {fileID: 11500000, guid: 4d7d47f9c7b6d744b80808cb7c47fcb0, type: 3}
  m_Name: Chat
  m_EditorClassIdentifier: 
  graph: {fileID: 11400000}
  position: {x: 1048, y: -184}
  ports:
    keys:
    - Answers
    - input
    - output
    values:
    - _fieldName: Answers
      _node: {fileID: 114093461990628038}
      _typeQualifiedName: System.Collections.Generic.List`1[[System.String, mscorlib,
        Version=4.0.0.0, Culture=neutral, PublicKeyToken=b77a5c561934e089]], mscorlib,
        Version=4.0.0.0, Culture=neutral, PublicKeyToken=b77a5c561934e089
      connections: []
      _direction: 1
      _connectionType: 0
      _typeConstraint: 0
      _dynamic: 0
    - _fieldName: input
      _node: {fileID: 114093461990628038}
      _typeQualifiedName: DialogueBaseNode, Assembly-CSharp, Version=0.0.0.0, Culture=neutral,
        PublicKeyToken=null
      connections:
      - fieldName: output
        node: {fileID: 114424970687289476}
        reroutePoints: []
      _direction: 0
      _connectionType: 0
      _typeConstraint: 1
      _dynamic: 0
    - _fieldName: output
      _node: {fileID: 114093461990628038}
      _typeQualifiedName: DialogueBaseNode, Assembly-CSharp, Version=0.0.0.0, Culture=neutral,
        PublicKeyToken=null
      connections:
      - fieldName: input
        node: {fileID: 114667881016541916}
        reroutePoints: []
      _direction: 1
      _connectionType: 0
      _typeConstraint: 0
      _dynamic: 0
  input: {fileID: 0}
  output: {fileID: 0}
  Speaker: 1
  Instant: 0
  Text: SHOP_TALK_04
  Answers: []
--- !u!114 &114104472052455248
MonoBehaviour:
  m_ObjectHideFlags: 0
  m_CorrespondingSourceObject: {fileID: 0}
  m_PrefabInstance: {fileID: 0}
  m_PrefabAsset: {fileID: 0}
  m_GameObject: {fileID: 0}
  m_Enabled: 1
  m_EditorHideFlags: 0
  m_Script: {fileID: 11500000, guid: 4d7d47f9c7b6d744b80808cb7c47fcb0, type: 3}
  m_Name: Chat
  m_EditorClassIdentifier: 
  graph: {fileID: 11400000}
  position: {x: 376, y: -184}
  ports:
    keys:
    - Answers
    - input
    - output
    values:
    - _fieldName: Answers
      _node: {fileID: 114104472052455248}
      _typeQualifiedName: System.Collections.Generic.List`1[[System.String, mscorlib,
        Version=4.0.0.0, Culture=neutral, PublicKeyToken=b77a5c561934e089]], mscorlib,
        Version=4.0.0.0, Culture=neutral, PublicKeyToken=b77a5c561934e089
      connections: []
      _direction: 1
      _connectionType: 0
      _typeConstraint: 0
      _dynamic: 0
    - _fieldName: input
      _node: {fileID: 114104472052455248}
      _typeQualifiedName: DialogueBaseNode, Assembly-CSharp, Version=0.0.0.0, Culture=neutral,
        PublicKeyToken=null
      connections:
      - fieldName: output
        node: {fileID: 114429827997374264}
        reroutePoints: []
      _direction: 0
      _connectionType: 0
      _typeConstraint: 1
      _dynamic: 0
    - _fieldName: output
      _node: {fileID: 114104472052455248}
      _typeQualifiedName: DialogueBaseNode, Assembly-CSharp, Version=0.0.0.0, Culture=neutral,
        PublicKeyToken=null
      connections:
      - fieldName: input
        node: {fileID: 114424970687289476}
        reroutePoints: []
      _direction: 1
      _connectionType: 0
      _typeConstraint: 0
      _dynamic: 0
  input: {fileID: 0}
  output: {fileID: 0}
  Speaker: 0
  Instant: 0
  Text: SHOP_TALK_02
  Answers: []
--- !u!114 &114424970687289476
MonoBehaviour:
  m_ObjectHideFlags: 0
  m_CorrespondingSourceObject: {fileID: 0}
  m_PrefabInstance: {fileID: 0}
  m_PrefabAsset: {fileID: 0}
  m_GameObject: {fileID: 0}
  m_Enabled: 1
  m_EditorHideFlags: 0
  m_Script: {fileID: 11500000, guid: 4d7d47f9c7b6d744b80808cb7c47fcb0, type: 3}
  m_Name: Chat
  m_EditorClassIdentifier: 
  graph: {fileID: 11400000}
  position: {x: 712, y: -184}
  ports:
    keys:
    - Answers
    - input
    - output
    values:
    - _fieldName: Answers
      _node: {fileID: 114424970687289476}
      _typeQualifiedName: System.Collections.Generic.List`1[[System.String, mscorlib,
        Version=4.0.0.0, Culture=neutral, PublicKeyToken=b77a5c561934e089]], mscorlib,
        Version=4.0.0.0, Culture=neutral, PublicKeyToken=b77a5c561934e089
      connections: []
      _direction: 1
      _connectionType: 0
      _typeConstraint: 0
      _dynamic: 0
    - _fieldName: input
      _node: {fileID: 114424970687289476}
      _typeQualifiedName: DialogueBaseNode, Assembly-CSharp, Version=0.0.0.0, Culture=neutral,
        PublicKeyToken=null
      connections:
      - fieldName: output
        node: {fileID: 114104472052455248}
        reroutePoints: []
      _direction: 0
      _connectionType: 0
      _typeConstraint: 1
      _dynamic: 0
    - _fieldName: output
      _node: {fileID: 114424970687289476}
      _typeQualifiedName: DialogueBaseNode, Assembly-CSharp, Version=0.0.0.0, Culture=neutral,
        PublicKeyToken=null
      connections:
      - fieldName: input
        node: {fileID: 114093461990628038}
        reroutePoints: []
      _direction: 1
      _connectionType: 0
      _typeConstraint: 0
      _dynamic: 0
  input: {fileID: 0}
  output: {fileID: 0}
  Speaker: 1
  Instant: 0
  Text: SHOP_TALK_03
  Answers: []
--- !u!114 &114429827997374264
MonoBehaviour:
  m_ObjectHideFlags: 0
  m_CorrespondingSourceObject: {fileID: 0}
  m_PrefabInstance: {fileID: 0}
  m_PrefabAsset: {fileID: 0}
  m_GameObject: {fileID: 0}
  m_Enabled: 1
  m_EditorHideFlags: 0
  m_Script: {fileID: 11500000, guid: 4d7d47f9c7b6d744b80808cb7c47fcb0, type: 3}
  m_Name: Chat
  m_EditorClassIdentifier: 
  graph: {fileID: 11400000}
  position: {x: 8, y: -184}
  ports:
    keys:
    - Answers
    - input
    - output
    values:
    - _fieldName: Answers
      _node: {fileID: 114429827997374264}
      _typeQualifiedName: System.Collections.Generic.List`1[[System.String, mscorlib,
        Version=4.0.0.0, Culture=neutral, PublicKeyToken=b77a5c561934e089]], mscorlib,
        Version=4.0.0.0, Culture=neutral, PublicKeyToken=b77a5c561934e089
      connections: []
      _direction: 1
      _connectionType: 0
      _typeConstraint: 0
      _dynamic: 0
    - _fieldName: input
      _node: {fileID: 114429827997374264}
      _typeQualifiedName: DialogueBaseNode, Assembly-CSharp, Version=0.0.0.0, Culture=neutral,
        PublicKeyToken=null
      connections:
      - fieldName: Dialogue 0
        node: {fileID: 114724138643907714}
        reroutePoints: []
      _direction: 0
      _connectionType: 0
      _typeConstraint: 1
      _dynamic: 0
    - _fieldName: output
      _node: {fileID: 114429827997374264}
      _typeQualifiedName: DialogueBaseNode, Assembly-CSharp, Version=0.0.0.0, Culture=neutral,
        PublicKeyToken=null
      connections:
      - fieldName: input
        node: {fileID: 114104472052455248}
        reroutePoints: []
      _direction: 1
      _connectionType: 0
      _typeConstraint: 0
      _dynamic: 0
  input: {fileID: 0}
  output: {fileID: 0}
  Speaker: 1
  Instant: 0
  Text: SHOP_TALK_01
  Answers: []
--- !u!114 &114667881016541916
MonoBehaviour:
  m_ObjectHideFlags: 0
  m_CorrespondingSourceObject: {fileID: 0}
  m_PrefabInstance: {fileID: 0}
  m_PrefabAsset: {fileID: 0}
  m_GameObject: {fileID: 0}
  m_Enabled: 1
  m_EditorHideFlags: 0
  m_Script: {fileID: 11500000, guid: 6cce3e96482915b419e63e778807912f, type: 3}
  m_Name: Open Shop
  m_EditorClassIdentifier: 
  graph: {fileID: 11400000}
  position: {x: 1400, y: -184}
  ports:
    keys:
    - input
    - output
    values:
    - _fieldName: input
      _node: {fileID: 114667881016541916}
      _typeQualifiedName: DialogueBaseNode, Assembly-CSharp, Version=0.0.0.0, Culture=neutral,
        PublicKeyToken=null
      connections:
      - fieldName: output
        node: {fileID: 114093461990628038}
        reroutePoints: []
      _direction: 0
      _connectionType: 0
      _typeConstraint: 1
      _dynamic: 0
    - _fieldName: output
      _node: {fileID: 114667881016541916}
      _typeQualifiedName: DialogueBaseNode, Assembly-CSharp, Version=0.0.0.0, Culture=neutral,
        PublicKeyToken=null
      connections: []
      _direction: 1
      _connectionType: 0
      _typeConstraint: 0
      _dynamic: 0
  input: {fileID: 0}
  output: {fileID: 0}
--- !u!114 &114724138643907714
MonoBehaviour:
  m_ObjectHideFlags: 0
  m_CorrespondingSourceObject: {fileID: 0}
  m_PrefabInstance: {fileID: 0}
  m_PrefabAsset: {fileID: 0}
  m_GameObject: {fileID: 0}
  m_Enabled: 1
  m_EditorHideFlags: 0
  m_Script: {fileID: 11500000, guid: a4e95272d18a5ee40bc3737743d4ad22, type: 3}
  m_Name: Dialogue Decision
  m_EditorClassIdentifier: 
  graph: {fileID: 11400000}
  position: {x: -312, y: -136}
  ports:
    keys:
    - DefaultDialogue
    - input
    - output
    - Dialogue 0
    - Dialogue 1
    values:
    - _fieldName: DefaultDialogue
      _node: {fileID: 114724138643907714}
      _typeQualifiedName: DialogueBaseNode, Assembly-CSharp, Version=0.0.0.0, Culture=neutral,
        PublicKeyToken=null
      connections: []
      _direction: 1
      _connectionType: 0
      _typeConstraint: 0
      _dynamic: 0
    - _fieldName: input
      _node: {fileID: 114724138643907714}
      _typeQualifiedName: DialogueBaseNode, Assembly-CSharp, Version=0.0.0.0, Culture=neutral,
        PublicKeyToken=null
      connections:
      - fieldName: output
        node: {fileID: 114975678449166744}
        reroutePoints: []
      _direction: 0
      _connectionType: 0
      _typeConstraint: 1
      _dynamic: 0
    - _fieldName: output
      _node: {fileID: 114724138643907714}
      _typeQualifiedName: DialogueBaseNode, Assembly-CSharp, Version=0.0.0.0, Culture=neutral,
        PublicKeyToken=null
      connections: []
      _direction: 1
      _connectionType: 0
      _typeConstraint: 0
      _dynamic: 0
    - _fieldName: Dialogue 0
      _node: {fileID: 114724138643907714}
      _typeQualifiedName: DialogueBaseNode, Assembly-CSharp, Version=0.0.0.0, Culture=neutral,
        PublicKeyToken=null
      connections:
      - fieldName: input
        node: {fileID: 114429827997374264}
        reroutePoints: []
      _direction: 1
      _connectionType: 1
      _typeConstraint: 0
      _dynamic: 1
    - _fieldName: Dialogue 1
      _node: {fileID: 114724138643907714}
      _typeQualifiedName: DialogueBaseNode, Assembly-CSharp, Version=0.0.0.0, Culture=neutral,
        PublicKeyToken=null
      connections:
      - fieldName: input
        node: {fileID: 114743420514247660}
        reroutePoints: []
      _direction: 1
      _connectionType: 1
      _typeConstraint: 0
      _dynamic: 1
  input: {fileID: 0}
  output: {fileID: 0}
  FirstResponse: 1
  number: 0100000001000000
  Types: 0000000001000000
  DefaultDialogue: {fileID: 0}
--- !u!114 &114743420514247660
MonoBehaviour:
  m_ObjectHideFlags: 0
  m_CorrespondingSourceObject: {fileID: 0}
  m_PrefabInstance: {fileID: 0}
  m_PrefabAsset: {fileID: 0}
  m_GameObject: {fileID: 0}
  m_Enabled: 1
  m_EditorHideFlags: 0
  m_Script: {fileID: 11500000, guid: 6cce3e96482915b419e63e778807912f, type: 3}
  m_Name: Open Shop
  m_EditorClassIdentifier: 
  graph: {fileID: 11400000}
  position: {x: -6, y: 13}
  ports:
    keys:
    - input
    - output
    values:
    - _fieldName: input
      _node: {fileID: 114743420514247660}
      _typeQualifiedName: DialogueBaseNode, Assembly-CSharp, Version=0.0.0.0, Culture=neutral,
        PublicKeyToken=null
      connections:
      - fieldName: Dialogue 1
        node: {fileID: 114724138643907714}
        reroutePoints: []
      _direction: 0
      _connectionType: 0
      _typeConstraint: 1
      _dynamic: 0
    - _fieldName: output
      _node: {fileID: 114743420514247660}
      _typeQualifiedName: DialogueBaseNode, Assembly-CSharp, Version=0.0.0.0, Culture=neutral,
        PublicKeyToken=null
      connections: []
      _direction: 1
      _connectionType: 0
      _typeConstraint: 0
      _dynamic: 0
  input: {fileID: 0}
  output: {fileID: 0}
--- !u!114 &114975678449166744
MonoBehaviour:
  m_ObjectHideFlags: 0
  m_CorrespondingSourceObject: {fileID: 0}
  m_PrefabInstance: {fileID: 0}
  m_PrefabAsset: {fileID: 0}
  m_GameObject: {fileID: 0}
  m_Enabled: 1
  m_EditorHideFlags: 0
  m_Script: {fileID: 11500000, guid: 41b6ea57d1c9c304bbea5e62cc72ce8e, type: 3}
  m_Name: Dialogue Start
  m_EditorClassIdentifier: 
  graph: {fileID: 11400000}
  position: {x: -516, y: -137}
  ports:
    keys:
    - input
    - output
    values:
    - _fieldName: input
      _node: {fileID: 114975678449166744}
      _typeQualifiedName: DialogueBaseNode, Assembly-CSharp, Version=0.0.0.0, Culture=neutral,
        PublicKeyToken=null
      connections: []
      _direction: 0
      _connectionType: 0
      _typeConstraint: 1
      _dynamic: 0
    - _fieldName: output
      _node: {fileID: 114975678449166744}
      _typeQualifiedName: DialogueBaseNode, Assembly-CSharp, Version=0.0.0.0, Culture=neutral,
        PublicKeyToken=null
      connections:
      - fieldName: input
        node: {fileID: 114724138643907714}
        reroutePoints: []
      _direction: 1
      _connectionType: 0
      _typeConstraint: 0
      _dynamic: 0
  input: {fileID: 0}
  output: {fileID: 0}
